3125 4942
459 481 486 537 S.
511 480 664 535 Siluiae
688 482 966 552 peregrinatio
1233 487 1273 549 61

129 680 274 744 ciuitates
298 677 422 760 aliquot
444 676 625 761 prouinciae
649 675 749 741 Siriae
774 676 881 755 Celer,
906 696 987 759 quae
1010 680 1061 742 est
1077 678 1276 754 Antiochiae,

129 785 254 850 atinde
278 785 420 867 ingressa
442 784 520 849 fines
543 784 724 866 prouinciae
748 784 1054 869 Augustofratcnsis‚
1082 784 1214 868 perucui
1236 783 1277 849 ad

129 892 291 957 ciuitatem
312 890 504 972 Gerapolim,
529 908 608 972 quas
628 893 677 955 est
695 890 882 974 metropolis
904 890 1007 973 ipsius
1029 890 1219 973 prouinciae,
1242 890 1276 955 id

130 1002 175 1063 est
195 996 507 1082 Augustofrateusis.
549 998 591 1061 Et
614 996 764 1080 quoniam
787 998 866 1062 haec
889 998 1004 1062 ciuitas
1027 998 1121 1061 ualde
1143 995 1277 1081 pulchra

104 1108 159 1169 aet
180 1105 334 1187 opulenta
357 1110 407 1169 est
430 1106 525 1187 atque
549 1103 712 1169 abundans
737 1104 897 1183 omnibus,
920 1123 1051 1169 necesse
1073 1124 1125 1169 me
1147 1104 1210 1169 fuit
1231 1104 1276 1168 ibi

128 1210 227 1277 facere
266 1211 427 1283 statiuam,
466 1210 614 1292 quoniam
652 1210 715 1275 iam
752 1210 826 1275 iude
858 1229 919 1276 non
951 1210 1047 1295 louge
1080 1215 1168 1276 eraut
1197 1210 1275 1275 fines

128 1318 385 1401 Mesopotamiae.
408 1318 520 1400 Itaque
539 1336 613 1401 ergo
633 1316 837 1400 proficiscens
857 1316 895 1380 de
913 1318 1082 1399 Ierapolim
1100 1318 1133 1383 in
1153 1317 1276 1400 quinto·
1309 1314 1329 1375 2

129 1425 249 1491 decimo
278 1424 414 1490 miliario
442 1425 474 1488 iu
503 1423 629 1488 nomine
653 1423 712 1488 Dei
739 1424 870 1505 perueni
892 1423 932 1487 ad
954 1424 1091 1489 fluuium
1114 1424 1275 1502 Eufraten,

129 1532 237 1615 dequo
249 1532 329 1596 satis
343 1532 422 1597 bene
437 1531 591 1615 scriptum
607 1534 736 1595 estesse
755 1530 896 1595 flumen
912 1550 1085 1615 magnum
1100 1532 1277 1597 Eufraten

92 1656 113 1695 ιο
129 1642 158 1704 et
188 1640 314 1723 ingens,
348 1643 380 1703 et
407 1638 497 1721 quasi
526 1636 677 1702 terribilis
706 1640 769 1714 est;
803 1638 849 1701 ita
876 1637 959 1702 enim
987 1637 1128 1703 decurrit
1157 1638 1276 1703 habens

128 1746 294 1828 impetum,
335 1745 419 1809 sicut
459 1744 556 1809 habet
591 1744 709 1808 fluuius
746 1744 909 1824 Rodanus
950 1744 1014 1809 uisi
1050 1745 1136 1828 quod
1172 1744 1277 1809 adhuc

128 1852 225 1917 maior
253 1854 305 1916 est
326 1850 485 1917 Eufrates,
527 1851 639 1932 ltaque
669 1868 743 1933 ergo
773 1850 922 1932 qnoniam
949 1870 1080 1917 necesse
1108 1855 1176 1917 erat
1204 1871 1276 1916 eum
1308 1846 1329 1909 3

128 1957 262 2023 nauibus
296 1957 441 2034 transire,
475 1960 507 2021 et
534 1956 669 2021 nauibus
698 1956 823 2021 nonnisi
854 1957 1039 2033 maioribus,
1072 1976 1108 2022 ao
1141 1958 1188 2023 sic
1218 1959 1276 2022 im-

128 2067 249 2129 morata
276 2082 349 2127 sum
375 2062 420 2127 ibi
448 2062 579 2129 forsitan
607 2064 680 2144 plus
709 2062 815 2127 media
842 2062 907 2141 die3
936 2066 969 2128 et
993 2062 1067 2131 iude
1090 2064 1122 2129 in
1150 2064 1277 2129 nomine

91 2190 113 2229 ιε
129 2172 185 2237 Dei
199 2170 336 2237 transito
351 2170 481 2235 flumine
496 2170 656 2249 Eufraten,
676 2170 821 2255 ingressa
839 2190 910 2235 snm
928 2170 1007 2235 fines
1026 2171 1277 2254 Mesopotamiae

130 2278 234 2345 Slriae.

169 2386 216 2450 Ae
241 2384 289 2449 sic
308 2383 411 2449 denuo
435 2382 552 2448 faciens
571 2382 632 2448 iter
655 2402 710 2466 per
727 2383 909 2448 mansiones
928 2383 1059 2465 aliquot,
1082 2383 1213 2467 perueni
1237 2380 1331 2448 aule

130 2492 301 2567 ciuitatem,
331 2490 422 2555 cuius
446 2508 558 2555 nomen
581 2490 613 2553 iu
638 2490 805 2575 seripturis
828 2490 968 2574 positum
992 2489 1142 2574 legimus,
1170 2488 1277 2555 idest

130 2596 267 2673 Batanis,
302 2616 382 2680 quae
410 2596 523 2661 ciuitas
556 2614 658 2679 usque
690 2597 721 2660 in
749 2596 844 2662 hodio
873 2598 933 2661 est.
973 2594 1056 2661 Nam
1084 2598 1117 2660 ot
1142 2595 1279 2661 eeclesia

91 2724 115 2767 ao
132 2723 200 2769 cum
229 2703 379 2787 episcopo
413 2721 486 2767 uere
519 2706 628 2768 sancto
657 2704 689 2767 et
721 2702 876 2767 monacho
905 2706 939 2767 et
964 2702 1149 2768 confessore
1170 2702 1276 2779 habet,

133 2814 163 2875 et
175 2810 327 2893 martyria
340 2810 511 2891 aliquanta.
532 2810 605 2891 Ipsa
623 2810 719 2873 stiam
737 2808 852 2873 cirritos
866 2808 1052 2873 habundans
1071 2808 1277 2873 multitudino

132 2918 292 2983 hominum
317 2922 376 2991 est,
400 2936 472 2981 uam
495 2920 529 2983 et
550 2916 643 2982 miles
666 2916 712 2980 ibi
736 2915 826 2981 sedet
848 2936 921 2981 cum
944 2916 1071 2981 tribuno
1095 2934 1164 2981 sno.
1187 2914 1278 2980 Unde
1310 2916 1331 2977 2

133 3023 233 3089 denuo
261 3023 476 3106 proficiscens,
505 3024 708 3106 peruenimus
736 3024 767 3086 iu
797 3022 925 3087 nomine
949 3022 1067 3089 Christi
1089 3022 1149 3087 Dei
1178 3022 1279 3087 nostri

133 3130 294 3196 Edessam.
340 3130 404 3196 Ubi
440 3149 513 3194 oum
549 3130 818 3213 peruenissemus‚
861 3130 970 3194 statim
1007 3130 1201 3214 perreximus
1239 3128 1279 3192 ad

94 3256 117 3297 a
135 3238 299 3303 ecclesiam
325 3236 418 3303 etad
442 3236 626 3320 martyrium
651 3236 752 3302 sancti
775 3236 925 3303 Thomao.
959 3238 1071 3319 Itaque
1095 3254 1169 3320 ergo
1191 3236 1281 3301 iuxta

135 3342 392 3409 consuetudinem
420 3342 514 3409 factis
543 3342 738 3409 orationibus
772 3345 805 3407 et
832 3346 946 3420 cetera,
971 3360 1052 3425 quae
1083 3340 1279 3407 consuetudo

135 3452 199 3516 erat
225 3450 294 3515 ficri
322 3450 354 3515 in
381 3450 461 3517 locis
492 3450 620 3527 sanctis,
645 3468 702 3514 nco
726 3468 788 3513 uon
817 3448 912 3513 etiam
936 3452 970 3513 et
992 3448 1154 3531 aliquanta
1176 3447 1279 3531 ipsius

136 3558 235 3622 sancti
248 3556 389 3622 Thomas
403 3557 446 3620 ibi
466 3557 616 3642 legimus.
639 3556 783 3621 Ecclesia
798 3558 916 3633 autem,
935 3554 980 3619 ibi
995 3573 1075 3636 quae
1090 3558 1149 3632 est,
1167 3554 1279 3638 iugens
1312 3555 1334 3617 3

137 3668 166 3729 et
186 3664 280 3729 ualde
303 3663 436 3747 pulchra
460 3666 490 3727 et
513 3680 596 3727 noua
619 3661 837 3745 dispositione,
861 3665 899 3725 ut
921 3679 995 3725 uere
1019 3660 1114 3745 digna
1137 3664 1280 3725 estesse

96 3790 120 3830 a
138 3770 247 3835 domus
274 3768 350 3845 Dei;
384 3771 416 3833 et
443 3772 590 3850 quoniam
619 3769 721 3834 multa
749 3772 848 3841 erant,
880 3786 961 3850 quae
989 3767 1035 3833 ibi
1062 3766 1280 3832 desiderabam

137 3876 252 3955 nidere,
275 3892 403 3941 necesse
422 3894 473 3939 me
491 3874 554 3939 fuit
571 3874 616 3939 ibi
635 3874 755 3939 statiua
771 3872 920 3938 triduana
936 3874 1051 3939 facere.
1074 3874 1120 3938 Ao
1139 3874 1280 3957 sicergo
1312 3875 1333 3937 4

139 3983 202 4047 uidi
228 3984 261 4047 in
290 3980 400 4047 eadem
428 3981 557 4047 ciuitate
587 3980 737 4064 martyria
763 3980 901 4064 plurima
927 4000 985 4045 uec
1007 3998 1070 4045 nou
1093 3984 1126 4044 et
1153 3984 1279 4047 sanctos

225 4176 241 4229 9
261 4174 329 4230 Gen.
349 4176 391 4243 15,
411 4174 444 4229 18

176 4302 187 4354 l
204 4316 273 4369 quae
288 4300 464 4371 estproximo
481 4298 656 4353 Oholodm'ol·
691 4298 725 4353 24
738 4297 918 4368 pereriuimus
930 4296 1106 4353 Gholodniolo
1144 4296 1178 4351 28
1193 4310 1244 4363 que
1253 4294 1282 4347 Δ

143 4388 174 4441 29
192 4396 220 4443 et
236 4405 299 4443 uero
321 4386 494 4443 Cholodur'al·
547 4388 582 4442 32
600 4388 741 4442 ciuitatem
759 4387 787 4440 A
