3125 4942
272 435 341 498 312,
567 430 723 484 Itinera
749 429 1126 500 Hierosolymitana

272 626 359 709 poris
386 626 559 691 laneorum.
577 626 615 690 de
643 646 734 691 muro
763 626 899 691 missum
923 626 1101 708 suscipiens
1125 625 1278 692 hactenus
1303 633 1421 702 seruch

275 753 356 816 quae
380 735 408 798 si
432 752 495 816 qua
516 733 599 798 forte
619 733 791 799 occasione
804 733 856 797 nel
874 733 1032 799 industria
1049 733 1147 798 fuerit
1166 732 1329 814 exhausta,
1348 735 1422 798 haec

274 840 481 905 nihilominus
510 841 670 917 continuo,
699 839 775 904 dum
803 839 948 922 respicis,
977 840 1063 904 siout
1090 843 1162 905 ante
1190 839 1305 918 fuerat,
1333 841 1423 923 plena

274 946 439 1012 redundat.
859 1005 860 1008 .

318 1054 369 1118 Ad
387 1054 567 1137 aquilonem
587 1055 753 1118 Bethleem
772 1055 805 1118 in
824 1054 909 1118 ualle
929 1054 1080 1138 contigua
1099 1053 1303 1138 sepulchrum
1323 1053 1421 1119 Dauid
1448 1077 1458 1115 1

275 1160 308 1224 in
335 1161 441 1226 medio
465 1161 617 1226 ecclesiae
641 1160 755 1225 humili
778 1159 884 1243 lapide
907 1161 1029 1244 tegitur
1050 1161 1196 1242 lampade
1216 1161 1422 1244 superposita,

277 1268 316 1330 ad
345 1271 488 1332 airstrum
516 1286 592 1332 uero
620 1267 652 1331 in
685 1268 770 1332 ualle
804 1267 956 1352 contigua
987 1267 1019 1332 in
1053 1268 1189 1332 ecclesia
1221 1269 1421 1352 sepulchrum

278 1375 381 1438 sancti
404 1374 599 1458 Hieronymi.
1037 1429 1041 1436 .
1110 1377 1113 1384 '

323 1480 420 1543 Porro
442 1479 479 1543 ad
500 1479 653 1544 orientem
671 1480 703 1544 in
723 1484 809 1545 turre
824 1480 916 1556 Ader,
932 1481 964 1545 id
980 1484 1030 1547 est
1044 1481 1162 1566 gregis,
1177 1481 1265 1546 mille
1281 1481 1421 1564 passibus

279 1605 298 1650 a
325 1586 455 1650 ciuitate
483 1590 650 1671 segregata
677 1588 812 1652 ecclesia
845 1592 895 1652 est
925 1589 1023 1653 trium
1055 1591 1221 1670 pastorum
1254 1587 1421 1654 dominicae
1440 1613 1461 1650 n

278 1692 457 1758 natiuitatis
481 1694 679 1758 consciorum
702 1698 907 1759 monumenta
930 1695 1101 1760 continens.
1130 1695 1218 1759 Haec
1245 1695 1421 1759 relationem

279 1799 399 1864 Arculfi
433 1799 607 1865 Galliarum
642 1801 785 1883 episcopi
818 1803 948 1866 secutus
982 1801 1127 1877 dixerim
1162 1806 1302 1866 ceterum
1333 1801 1421 1865 Erras

279 1908 386 1988 aperte
410 1907 522 1970 scribit
543 1906 575 1970 in
599 1907 800 1972 Hierusalem
820 1927 890 1973 esse
914 1907 1018 1971 Dauid
1042 1907 1215 1990 sepultum.

325 2012 387 2077 Via
412 2013 510 2098 regia,
535 2031 614 2096 quae
643 2014 682 2078 ab
709 2014 805 2078 Helia
829 2013 973 2078 Ohebron
1001 2015 1100 2092 ducit,
1125 2015 1164 2080 ab
1193 2013 1313 2079 oriente
1335 2013 1423 2077 Beth·

279 2121 373 2198 leem‚
398 2119 435 2184 ab
465 2120 627 2185 occidente
655 2121 860 2203 sepulchrum
882 2121 1002 2186 Rachel
1029 2121 1148 2186 habens
1176 2121 1272 2188 titulo
1296 2118 1422 2186 nominis
1439 2145 1460 2184 n

281 2226 350 2291 eius
372 2245 475 2309 usque
496 2226 591 2291 hodie
614 2226 786 2310 signatum.

389 2417 465 2471 VIII.
484 2417 534 2472 DE
554 2417 635 2471 SITV
654 2416 828 2473 OHEBRON
846 2418 892 2472 ΕΤ
910 2418 1152 2474 MONVMENTIS
1171 2419 1327 2474 PATRVM.

328 2544 472 2610 Chebron
501 2547 607 2607 autem
634 2543 666 2608 in
695 2544 800 2626 campi
826 2544 993 2609 latitudine
1021 2545 1083 2610 sita
1110 2549 1143 2610 et
1170 2548 1208 2612 ab
1232 2546 1336 2626 Helia,
1359 2543 1422 2634 [hoc

285 2655 335 2715 est
353 2647 549 2736 Ierusalem]
569 2650 661 2714 XXII
682 2650 815 2716 milibus
839 2656 994 2734 separata,
1013 2671 1076 2717 unc
1101 2653 1140 2717 ad
1159 2655 1311 2719 orientem
1330 2651 1422 2718 stadio

285 2758 469 2841 speluncam
483 2757 642 2838 duplicem
656 2756 688 2820 in
702 2758 788 2821 ualle
803 2757 909 2836 habet,
924 2757 979 2822 ubi
998 2760 1167 2843 sepulchra
1185 2760 1423 2842 patriarcharum
1438 2783 1458 2820 11

285 2865 437 2948 quadrato
465 2882 556 2928 muro
585 2863 831 2938 circumdantur,
856 2864 1015 2945 capitibus
1043 2868 1145 2931 uersis
1174 2866 1214 2931 ad
1241 2866 1422 2948 aquilonem,

286 2973 414 3038 ethaeo
433 2969 560 3053 singula
578 2969 714 3052 singulis
733 2973 818 3034 tecta
837 2970 998 3054 lapidibus
1017 2973 1117 3036 instar
1134 2972 1286 3037 basilicae
1307 2971 1423 3038 dolatio.

284 3079 382 3145 trium
413 3076 663 3159 patriarcharum
695 3075 848 3152 candidis,
881 3077 983 3142 Adam
1017 3078 1208 3144 obscurioris
1242 3084 1274 3144 et
1311 3077 1423 3142 uilioris

376 3303 524 3359 ohdamn.
543 3321 570 3374 p.
589 3304 650 3368 257,
670 3305 702 3358 15
762 3303 779 3356 9
799 3302 913 3357 Adamn.
933 3321 960 3374 p.
980 3303 1041 3366 258,
1061 3303 1077 3357 9
1142 3303 1172 3356 12
1192 3303 1227 3356 11.
1247 3303 1334 3358 Esdra
1353 3301 1422 3368 s,1c

288 3397 322 3450 14
339 3394 452 3448 Adamn.
472 3410 498 3463 p.
517 3393 579 3459 258,
597 3393 633 3446 20
688 3393 720 3445 17
741 3391 855 3446 Adamn.
874 3409 900 3462 p.
921 3394 982 3454 259,
1002 3393 1016 3446 1
1037 3408 1073 3448 ss.

325 3536 338 3590 1
360 3538 470 3588 actenus
488 3533 577 3586 MPV
629 3534 646 3586 2
666 3536 777 3586 exausta
792 3533 829 3586 M
881 3535 896 3586 3
915 3533 1107 3587 nichilominus
1121 3533 1148 3586 A
1167 3533 1252 3588 nichil
1269 3529 1424 3587 hominusP

289 3625 395 3679 lualle
414 3623 449 3674 M
538 3621 717 3675 Shierouimi
735 3623 801 3675 AM
816 3623 941 3676 ieronimi
959 3621 1017 3676 PV
1095 3622 1157 3676 9111
1177 3624 1250 3676 turre
1268 3639 1337 3677 corr.
1355 3620 1423 3676 eain

288 3719 360 3784 terre
379 3714 406 3766 A
476 3711 509 3764 10
528 3713 680 3780 pastionum
699 3727 768 3765 corr.
789 3714 815 3764 2.
836 3727 869 3764 m.
890 3712 916 3763 P
971 3713 1002 3765 11
1022 3712 1189 3766 monimenta
1207 3715 1234 3764 A
1304 3710 1424 3765 relatione

288 3802 346 3857 PV
408 3802 440 3854 12
460 3800 570 3854 arounlfi
589 3799 655 3853 AM
716 3801 749 3854 13
770 3799 852 3853 dauid
871 3817 930 3854 esse
950 3801 1120 3869 sepulchrum
1140 3800 1301 3870 (sepulcrum
1325 3799 1361 3869 Υ)
1377 3795 1425 3851 ΡΥ

290 3892 426 3963 sepultum
447 3905 505 3944 esse
524 3888 606 3942 dauid
624 3889 661 3941 M
706 3890 827 3957 laqueo
847 3905 898 3942 om.
918 3889 953 3941 M
1005 3888 1103 3943 cebron
1117 3889 1173 3942 ΡΥ
1223 3890 1256 3943 lh
1273 3884 1426 3943 titulnmdl

291 3983 324 4035 16
341 3980 511 4050 designatum
524 3977 578 4031 ΡΥ
625 3980 657 4031 11
674 3977 954 4032 ebronPcebrch
1005 3981 1130 4048 patruum
1146 3977 1172 4030 A
1225 3977 1257 4032 18
1272 3978 1365 4032 cebron
1378 3971 1427 4028 ΡΥ

289 4070 342 4124 hoc
361 4072 403 4124 est
421 4067 569 4122 Iemsalem
587 4067 652 4120 cdd.
673 4066 731 4120 PV
815 4068 847 4121 19
867 4071 963 4136 sepata
981 4069 1008 4121 P
1087 4067 1121 4120 20
1140 4068 1168 4120 iu
1187 4066 1271 4136 ualle]
1290 4067 1317 4122 iu
1336 4081 1362 4120 ee
1378 4059 1429 4116 ΡΥ

291 4159 350 4227 ubi]
365 4159 393 4211 in
408 4156 502 4226 quaA
539 4157 572 4210 21
589 4155 778 4210 circundantur
791 4155 849 4209 PV
883 4157 917 4210 22
932 4153 1186 4224 singulisteotaM
1257 4151 1426 4208 tectacm.A

290 4246 428 4316 lapidibus
447 4246 618 4316 superposita
636 4249 662 4298 A
727 4246 761 4299 23
781 4244 929 4299 obscuriori
949 4243 1012 4298 MP
1081 4243 1170 4297 uiliori
1189 4241 1217 4295 P
1270 4247 1317 4297 'et
1334 4239 1426 4295 uilioris

292 4337 380 4406 operis
400 4351 451 4388 om,
471 4335 497 4387 A
