3125 4942
482 482 508 537 S.
537 482 691 537 Siluiae
719 483 1000 552 peregrinatio
1263 486 1306 550 49

164 695 294 758 eumque
313 676 563 742 incommoditas
587 675 693 754 fuerit,
712 677 831 741 hadent
852 676 898 741 ihi
922 680 955 743 et
977 678 1090 743 tollent
1110 678 1256 743 surculos
1276 682 1309 743 et

162 783 254 865 prode
274 781 344 865 this
364 786 423 849 est.
447 784 517 849 Hoc
538 794 644 849 autem
663 784 818 849 referente
837 788 947 850 sancto
966 786 1116 869 episcopo
1135 787 1174 850 de
1192 784 1308 850 Arabia
1330 780 1352 845 4

160 878 380 977 cognonimum
405 910 478 955 nam
496 890 566 973 ipse
585 891 676 957 nobis
697 890 776 956 dixit
794 912 906 958 nomen
927 892 1031 977 ipsias
1049 892 1181 968 arboris,
1200 910 1307 975 quern-

157 980 329 1094 admodum
353 997 514 1080 appellant
538 1016 606 1063 earn
630 1017 751 1081 graece,
774 998 808 1062 id
826 1002 877 1064 est
895 999 1030 1065 dendros
1053 999 1199 1075 alethiae,
1222 998 1308 1081 quod

127 1096 228 1184 anos'
246 1103 384 1169 dicimus
418 1106 510 1171 arhor
541 1106 697 1171 ueritatis.
744 1103 806 1185 Qui
837 1109 944 1171 tamen
976 1109 1105 1172 sanetus
1137 1106 1306 1189 episeopus

154 1212 249 1277 robis
273 1211 446 1277 Ramessen
475 1230 637 1277 occurrere
667 1212 903 1297 dignatusest,
933 1230 1006 1277 nam
1035 1216 1086 1277 est
1111 1214 1176 1278 iam
1203 1213 1307 1277 senior

117 1337 124 1347 ·
157 1317 215 1395 nir,
245 1336 320 1382 uere
349 1319 428 1384 satis
455 1318 627 1403 religiosus
652 1337 687 1383 ex
715 1319 869 1384 monacho
893 1321 926 1383 et
953 1319 1099 1397 affabilis,
1128 1318 1306 1401 suscipiens

155 1425 340 1507 peregrinos
360 1426 453 1489 ualde
477 1424 568 1502 bene:
593 1445 665 1491 nam
686 1425 767 1490 etin
787 1426 953 1509 scripturis
973 1425 1033 1491 Dei
1051 1425 1144 1491 ualde
1164 1425 1307 1491 eruditus

156 1532 215 1595 est.
250 1531 324 1613 lpse
353 1549 427 1615 ergo
457 1550 528 1597 eum
558 1550 591 1597 se
621 1532 770 1616 dignatus
798 1532 916 1597 fuisset
941 1552 1054 1597 nexare
1083 1536 1115 1598 et
1142 1532 1187 1596 ihi
1213 1530 1350 1596 nohisri

110 1660 137 1699 ro
156 1654 331 1713 occurrere,
364 1637 490 1721 singula
522 1638 567 1703 ibi
596 1638 735 1704 ostendit
767 1658 823 1703 seu
856 1639 967 1705 retulit
994 1638 1033 1703 dc
1064 1638 1138 1703 illas
1170 1640 1304 1715 statuas,

155 1761 236 1825 quas
265 1742 338 1819 diri,
367 1746 405 1808 ut
427 1744 523 1811 etiam
548 1747 580 1810 et
603 1744 641 1809 de
668 1746 724 1809 ille
747 1746 857 1810 arbore
885 1744 1044 1810 sicomori.
1080 1743 1162 1809 Nam
1186 1746 1218 1807 et
1245 1743 1306 1808 hoc

154 1848 247 1915 nobis
276 1849 346 1933 ipse
375 1854 505 1916 sanctus
530 1852 699 1935 episcopus
722 1852 843 1929 retulit,
873 1870 909 1916 en
934 1850 1019 1933 quod
1041 1850 1151 1928 Ferae,
1180 1849 1304 1932 quando

153 1955 247 2035 uidit,
273 1956 359 2039 quod
381 1956 439 2021 lilii
461 1958 584 2023 Israhel
607 1958 793 2023 dimiserant
815 1978 899 2035 eum,
926 1962 1004 2022 tune
1026 1957 1090 2034 ille,
1118 1956 1304 2040 prinsquam

152 2066 230 2143 post
248 2062 323 2127 illos
340 2068 519 2145 occuparet,
539 2064 619 2129 isset
634 2084 707 2130 cnm
722 2065 807 2130 omni
821 2066 959 2130 exercitu
978 2084 1036 2130 sno
1055 2064 1138 2128 intra
1152 2063 1305 2127 Ramesse

108 2192 134 2231 re
154 2172 187 2233 et
213 2170 409 2236 incendisset
437 2190 505 2237 eam
534 2190 668 2252 omnem,
698 2172 772 2254 quia
798 2170 921 2236 infinita
948 2174 1016 2236 erat
1042 2170 1146 2247 ualde,
1174 2172 1207 2234 et
1232 2168 1305 2233 inde

153 2279 230 2359 post
250 2277 336 2342 lilios
359 2278 481 2342 Israhel
503 2278 618 2343 luisset
639 2278 812 2361 profectus.

198 2382 301 2448 Nobis
331 2386 437 2448 antem
469 2384 604 2450 fortuitu
637 2385 696 2451 hoe
730 2386 949 2470 gratissimum
977 2384 1094 2463 enenit,
1117 2386 1156 2448 ut
1182 2402 1219 2448 ea
1242 2382 1302 2461 die,
1326 2382 1350 2447 9

152 2509 218 2573 qua
245 2490 392 2555 uenimus
421 2491 461 2555 ad
488 2493 685 2557 mansionem
712 2492 838 2570 Arabia,
865 2490 966 2575 pridie
994 2510 1012 2555 a
1038 2490 1223 2555 beatissimo
1252 2489 1303 2555 die

152 2596 322 2679 epiphania
354 2601 452 2673 esset3
490 2617 562 2664 nam
595 2599 704 2664 eadem
736 2598 787 2663 die
817 2599 948 2682 uigiliae
981 2596 1120 2681 agendae
1152 2600 1241 2661 erant
1271 2597 1304 2661 in

100 2732 129 2770 ro
152 2702 301 2768 ecclesia.
346 2705 393 2770 he
426 2704 472 2769 sic
501 2724 575 2789 ergo
608 2706 714 2789 aliquo
746 2705 844 2770 biduo
875 2705 921 2769 ihi
947 2704 1054 2769 tenuit
1082 2722 1141 2768 nos
1173 2706 1303 2768 sanctus

152 2810 337 2893 episcopus,
360 2814 489 2877 sanctus
514 2816 546 2877 et
568 2831 641 2877 uere
664 2812 758 2877 homo
778 2812 849 2890 Dei,
873 2814 968 2877 notus
995 2810 1075 2875 mihi
1101 2809 1166 2874 inm
1193 2809 1272 2874 satis
1297 2807 1300 2891 l

151 2916 191 2981 de
221 2936 259 2981 eo
291 2920 445 3000 tempore,
479 2938 496 2982 a
525 2938 587 3001 quo
621 2918 660 2983 ad
687 2918 881 2983 Thebaidem
911 2918 1043 2984 fueram.
1089 2916 1162 2999 lpse
1195 2918 1302 2981 nutem
1326 2918 1346 2979 2
1367 2911 1435 3001 [40]

151 3030 282 3089 sanctus
299 3025 468 3107 episcopus
484 3044 518 3090 er
538 3024 692 3091 monacho
711 3028 771 3103 est,
790 3044 863 3090 nam
883 3044 901 3089 a
918 3024 1043 3107 pisinno
1063 3024 1093 3088 in
1112 3022 1301 3088 monasterio

150 3132 294 3197 nutritus
319 3136 378 3210 eet,
407 3136 440 3198 et
466 3132 536 3197 ideo
565 3136 621 3197 aut
647 3136 713 3197 tarn
737 3131 880 3197 eruditus
907 3132 940 3197 in
968 3130 1133 3214 scriptoris
1159 3133 1218 3206 est,
1246 3133 1302 3193 aut

97 3267 128 3309 re
149 3242 220 3304 tam
247 3238 434 3304 emendatus
462 3240 493 3304 in
522 3238 607 3305 omni
633 3240 702 3305 nita
729 3259 798 3316 sua,
825 3242 863 3303 nt
891 3243 923 3303 et
950 3239 1096 3322 superins
1120 3236 1193 3301 diri.
1233 3234 1301 3300 Nos
1325 3238 1346 3299 3

150 3348 262 3409 antem
289 3345 362 3411 inde
390 3346 454 3410 iam
481 3346 662 3411 remisimus
692 3346 821 3422 milites,
850 3346 905 3428 qui
932 3344 1023 3410 nohis
1051 3363 1107 3427 pro
1135 3342 1302 3426 disciplina

148 3470 282 3517 romana
300 3452 417 3517 auxilia
438 3455 656 3536 praebuerant,
681 3453 833 3536 quamdin
854 3472 911 3536 per
932 3452 1004 3516 loca
1026 3453 1176 3535 suspecta
1192 3449 1301 3513 ambu-

148 3559 346 3638 laueramns,
360 3559 421 3624 iarn
440 3564 556 3639 eutem,
567 3560 715 3643 qnoniam
731 3578 807 3643 ager
819 3559 969 3642 publicus
984 3562 1051 3623 erat
1063 3558 1300 3641 perllgyptnm,

187 3856 203 3908 1
225 3854 252 3907 in
273 3871 325 3924 qno
344 3854 462 3909 moditas
481 3856 507 3909 A
527 3854 734 3910 incommoditas
754 3854 900 3909 enuntianti
918 3857 995 3909 Krn't.
1009 3856 1095 3909 Beitr.
1111 3874 1141 3926 p.
1161 3858 1201 3909 22
1218 3856 1299 3909 Ean·

149 3944 214 3998 dem
232 3943 447 3998 enecndctionem
460 3946 595 4013 proponit
616 3944 793 3999 Cholodoiole
811 3950 837 3999 et
852 3960 942 4013 nuper
959 3945 985 3998 I.
1004 3962 1028 3998 o.
1049 3944 1074 3998 d.
1099 3945 1179 4012 Vliet,
1198 3942 1301 3997 Archiv

146 4033 243 4101 filet.
263 4032 330 4087 Lex.
351 4032 380 4085 X
395 4050 424 4101 p.
443 4036 482 4085 16
534 4036 558 4088 4’
571 4050 649 4103 grece
663 4034 690 4086 A
750 4031 854 4104 ὃένδρος
874 4030 989 4105 deleting
1007 4034 1039 4087 in
1057 4035 1181 4103 moretm
1198 4032 1301 4085 codicia

148 4126 243 4177 amer
333 4122 349 4175 6
368 4138 503 4175 ramessen
522 4138 592 4177 corr.
611 4138 645 4176 ex
663 4139 823 4192 qnamessen
841 4124 868 4175 A
966 4124 999 4177 10
1016 4122 1065 4176 illa
1083 4126 1175 4175 statne
1191 4124 1219 4176 A
1237 4121 1299 4174 illas

147 4213 258 4265 statuas
276 4211 335 4279 ipse
352 4211 452 4279 seniori
507 4213 539 4265 19
559 4210 663 4281 egendo
681 4212 708 4265 A
764 4213 799 4265 27
819 4210 938 4281 quandia
952 4212 980 4265 A
1035 4211 1069 4265 28
1089 4227 1142 4281 qno
1161 4210 1186 4263 ei
1204 4210 1258 4262 iam
1272 4208 1298 4260 A

147 4300 280 4370 quoniam
303 4300 403 4368 senoni
425 4316 485 4354 cum
507 4299 673 4355 (damnarint
692 4302 731 4371 (1)
750 4301 804 4355 iter
827 4303 917 4355 autem
942 4318 995 4370 qno
1014 4300 1111 4354 eiiam
1134 4298 1300 4354 Gomurre'ni

147 4393 192 4459 (2)
215 4394 241 4442 el
258 4388 392 4443 Bemcrd

174 4513 307 4556 xxxvrrrr
322 4514 376 4553 ron.
392 4513 506 4555 arenosos.
1245 4494 1263 4547 4
