3125 4942
609 451 835 506 Antoninus
958 464 963 475 ·
1235 458 1297 519 201

148 650 181 711 et
193 648 313 713 tollunt
324 666 438 730 aquam
452 646 653 711 benedictam
674 650 707 710 et
725 646 836 710 exinde
854 645 975 710 faciunt
993 664 1106 728 aquam
1126 646 1298 729 sparsionis

147 754 178 819 in
207 753 275 819 suis
303 754 450 830 nauibus,
475 756 645 835 antequam
673 755 784 817 exeant
806 751 846 816 ad
869 752 1095 835 nauigandum.
1131 752 1297 837 Baptismo

148 862 306 944 completo
331 859 526 925 descendunt
549 879 659 925 omnes
677 858 710 923 in
727 859 864 924 fluuium
882 878 938 941 pro
958 858 1177 925 benedictione
1195 859 1299 924 induti

148 968 296 1033 sindones
330 971 362 1032 et
393 968 471 1033 alias
503 968 622 1033 multas
656 966 783 1050 speties,
817 985 895 1049 quas
934 966 995 1031 sibi
1028 966 1068 1030 ad
1100 968 1298 1049 sepulturam

118 1077 286 1142 esemant.
309 1074 397 1139 Haec
420 1074 562 1156 perlecta
580 1073 685 1140 omnia
703 1073 812 1137 statim
832 1092 915 1155 aqua
932 1072 964 1137 in
984 1073 1109 1157 proprio
1128 1074 1299 1138 reue1titur

149 1182 251 1247 alueo.
274 1180 356 1246 Nam
381 1181 463 1246 unde
485 1182 590 1265 surgit
612 1180 755 1246 Iordanis
779 1199 798 1244 a
819 1199 905 1245 mare
924 1179 1119 1262 Tyberiadis,
1139 1200 1240 1263 usque
1260 1180 1298 1245 ad

148 1308 233 1353 mare
258 1288 440 1367 salinarum,
463 1288 519 1353 ubi
542 1287 660 1365 deficit,
684 1290 759 1351 eunt
782 1288 872 1351 milia
896 1286 1017 1353 CXXX

191 1394 228 1458 In
251 1394 310 1459 illa
331 1412 407 1459 uero
430 1395 499 1477 ripa
517 1394 659 1459 Iordanis
684 1396 734 1458 est
757 1394 968 1475 speluncam
990 1412 1052 1475 qua
1071 1397 1147 1458 suut
1165 1391 1351 1459 cellulaelt

150 1501 209 1565 Vll
232 1521 307 1566 cum
330 1504 452 1585 septem
474 1501 601 1585 puellis,
621 1519 682 1584 que
705 1500 751 1565 ibi
768 1500 944 1565 infantulae
962 1500 1142 1565 mittuntur.
1166 1500 1299 1565 Etcum

106 1631 133 1671 eo
149 1608 255 1690 aliqua
278 1628 314 1673 er
337 1609 384 1673 eis
407 1612 532 1673 mortim
553 1607 660 1681 fuerit,
682 1608 715 1672 in
738 1608 809 1689 ipsa
835 1607 951 1673 cellula
974 1607 1136 1691 sepelitur.
1174 1608 1215 1672 111
1238 1608 1299 1672 alia

149 1717 267 1780 cellula
293 1715 444 1781 inciditur
470 1719 503 1780 et
529 1716 670 1781 mittitur
696 1715 741 1779 ibi
765 1716 827 1779 alia
849 1715 966 1797 puella,
991 1718 1028 1779 ut
1050 1733 1200 1779 numerus
1225 1718 1297 1794 stet,

149 1827 182 1887 et
210 1824 328 1887 habeut
354 1822 442 1900 foris,
465 1822 522 1905 qui
548 1823 595 1888 eis
618 1822 736 1893 cibaria
757 1824 916 1905 preparet3
944 1821 977 1887 in
1003 1842 1064 1904 quo
1089 1824 1157 1887 loco
1182 1841 1297 1906 magno

149 1948 222 1994 cum
250 1929 364 1994 timore
392 1929 530 2013 ingressi
557 1948 669 1994 sumus
697 1928 737 1992 ad
765 1928 949 2007 orationem,
974 1928 1094 1993 nullius
1117 1928 1162 1993 ibi
1184 1929 1296 1993 faciem

148 2035 300 2102 uidimus.
332 2037 368 2100 In
391 2036 461 2119 ipso
484 2038 555 2101 loco
579 2034 696 2099 dicitur
718 2054 788 2101 esse
812 2034 985 2111 sudarium,
1009 2034 1094 2116 quod
1116 2034 1179 2099 fuit
1203 2054 1299 2118 super

106 2166 130 2205 a
148 2147 245 2226 eaput
266 2144 351 2207 Iesu.
383 2142 454 2209 Non
478 2143 618 2209 multum
639 2141 733 2226 longe
757 2161 776 2206 a
797 2141 940 2217 Iordane,
965 2141 1021 2205 ubi
1042 2141 1224 2225 baptizatus
1248 2145 1299 2206 est

147 2251 314 2329 Dominus,
339 2252 389 2315 est
410 2251 639 2315 monasterium
666 2251 767 2315 saneti
790 2249 939 2313 Iohannis
963 2247 1056 2313 uelde
1080 2267 1240 2332 magnum,
1264 2248 1296 2312 iu

148 2377 210 2441 quo
235 2361 312 2422 sunt
335 2356 520 2423 sinodochia
543 2357 617 2422 duo.
640 2357 676 2421 Iu
695 2357 760 2422 ista
776 2375 852 2420 uero
872 2356 974 2420 aeliu
994 2354 1051 2420 illa
1068 2354 1136 2438 ripa
1153 2355 1296 2421 Iordanis

147 2484 205 2548 per
221 2465 294 2530 loca
313 2464 524 2529 submontana
537 2464 743 2528 inueniuntur
759 2464 932 2547 serpentes,
948 2461 986 2527 de
1001 2461 1117 2544 quibus
1133 2461 1298 2527 conficitur

146 2572 283 2655 tyriaca
306 2570 379 2635 inde
402 2571 549 2635 uenimus
568 2571 607 2635 ad
629 2570 805 2635 Iordanem.

104 2701 131 2742 so
191 2678 241 2743 De
267 2677 400 2743 Iordane
426 2697 528 2760 usque
554 2677 704 2742 Hiericho
737 2677 827 2742 milia
851 2676 908 2753 Vl;
941 2675 1092 2740 Hiericho
1126 2678 1233 2739 autem
1265 2673 1349 2738 inl3

148 2785 252 2850 oculis
275 2783 440 2848 hominum
463 2786 508 2847 ita
530 2784 659 2849 uidetur
682 2787 718 2847 ut
740 2782 916 2865 paradisus.
945 2784 973 2847 A
997 2786 1078 2847 terre
1101 2786 1191 2847 motu
1214 2782 1298 2847 mirri

148 2892 261 2967 diruti;
282 2891 396 2956 domus
414 2891 500 2955 Raab
521 2893 586 2956 stat
605 2895 638 2955 et
656 2893 706 2955 est
724 2889 957 2967 sinodochium,
978 2888 1033 2953 sed
1052 2891 1085 2953 et
1103 2889 1297 2965 cubiculum,

147 2998 187 3063 de
216 3016 280 3080 quo
308 2998 518 3079 exploratores
547 2997 705 3079 deposuit,
734 2996 906 3062 oratorium
936 2998 986 3059 est
1013 2998 1140 3059 sanctae
1168 2995 1297 3060 Mariae.

146 3103 284 3188 Iapides
308 3122 384 3169 uero
407 3104 466 3183 illi,
490 3124 570 3187 quos
592 3105 782 3167 leuauerunt
805 3102 863 3167 filii
885 3102 985 3167 Israel
1009 3101 1047 3165 de
1070 3101 1213 3177 Iordane,
1238 3120 1298 3165 nou

102 3232 127 3272 a
146 3213 243 3295 longe
272 3230 291 3274 a
319 3211 450 3276 ciuitate
473 3210 623 3275 Hiericho
650 3209 748 3293 positi
777 3212 853 3274 suut
880 3210 912 3273 in
936 3207 1070 3273 basilica
1093 3210 1167 3290 post
1190 3207 1297 3271 altare.

146 3320 285 3383 litante
309 3318 444 3383 basilica
466 3337 597 3400 campus
621 3337 696 3401 ager
718 3317 857 3394 Domini,
881 3318 912 3379 in
937 3334 999 3398 quo
1024 3314 1179 3379 Dominus
1204 3332 1299 3377 manu

146 3426 276 3509 propria
303 3424 474 3489 seminauit
500 3424 604 3488 ferens
633 3428 737 3487 satum
766 3423 856 3506 quasi
880 3408 986 3487 modia
1008 3420 1079 3485 tria.
1119 3417 1180 3499 Qui
1204 3420 1298 3484 etiam

184 3652 197 3705 1
219 3650 321 3704 tollent
339 3649 402 3703 inde
420 3650 448 3703 B
533 3650 550 3703 3
569 3665 662 3703 omues
680 3665 730 3703 om.
749 3647 778 3700 B
862 3648 880 3701 4
899 3646 1059 3700 sindonibus
1080 3649 1107 3699 ot
1126 3644 1188 3698 ahie
1207 3644 1301 3698 multis

146 3739 291 3811 speciebus
305 3738 333 3792 Β
387 3740 404 3792 5
422 3738 496 3793 Haec
514 3739 603 3792 omnia
618 3737 680 3790 dum
695 3736 871 3807 perficiuntur
881 3735 909 3788 Β
962 3735 990 3790 in
1004 3734 1142 3805 proprium
1156 3734 1303 3788 reuertitur

147 3830 258 3883 alueum
276 3828 305 3881 Β
394 3826 549 3881 biordauis
566 3826 656 3896 surgit
673 3825 702 3879 id
720 3830 764 3878 est
781 3826 809 3877 Β
894 3824 981 3878 svn
1000 3824 1113 3879 cellulae
1132 3823 1159 3876 Β
1232 3838 1301 3891 quae
1348 3842 1353 3855 ·

147 3919 215 3973 illuc
232 3918 261 3971 Β
318 3918 348 3971 ll
369 3916 462 3986 ibiliu
483 3916 583 3970 eamB
638 3915 676 3969 12'
691 3917 719 3967 et
738 3931 789 3969 om.
808 3914 835 3966 Β
907 3914 1054 3983 preparant
1072 3912 1099 3964 Β
1171 3911 1203 3964 ln
1222 3928 1302 3980 quern

146 4009 237 4062 locum
257 4006 286 4060 Β
364 4022 422 4059 cum
441 4021 540 4074 magno
559 4004 656 4058 timore
674 4004 702 4057 Β
794 4003 827 4056 14
845 4001 963 4056 uidimus
982 4001 1009 4055 in
1029 4002 1087 4071 ipso
1105 4000 1175 4054 loco.
1195 3998 1302 4053 Dicitur

147 4097 186 4151 ibi
207 4112 269 4150 esse
286 4096 315 4149 Β
381 4096 414 4149 15
433 4093 496 4147 Non
514 4094 595 4162 longe
614 4092 738 4154 multum,
757 4092 805 4145 ubi
824 4091 979 4160 baptizatus
999 4093 1040 4143 est
1059 4089 1183 4143 domiuus
1201 4088 1229 4143 iu
1247 4088 1302 4141 ior-

148 4183 220 4238 dane
240 4183 268 4235 Β
331 4183 364 4238 18
382 4182 556 4237 inuenientur
573 4182 601 4234 B
663 4182 696 4235 19
715 4182 821 4250 tiryaoa
839 4180 866 4233 Β
921 4178 1137 4233 semilauta
1210 4181 1302 4231 autem

147 4291 200 4330 om.
220 4274 249 4327 Β
304 4273 337 4327 21
359 4290 418 4327 esse
435 4277 468 4327 ut
485 4271 631 4342 paradysus
650 4272 678 4325 Β
741 4272 775 4324 24
794 4269 895 4323 israhel
913 4268 941 4321 Β
1005 4270 1039 4322 25
1057 4267 1186 4321 Hiericho
1205 4282 1256 4320 om.
1275 4267 1303 4320 B

147 4364 182 4418 26
201 4362 345 4417 basilicam
363 4361 391 4414 Β
463 4377 572 4431 campus
591 4377 641 4414 om.
661 4359 689 4412 Β
743 4360 777 4413 27
798 4359 864 4413 eatis
883 4358 911 4411 Β
