3125 4942
454 461 480 515 S.
510 461 665 517 Siluiae
692 463 977 533 peregrinatio
1243 466 1288 532 47

141 662 217 722 terro
248 659 347 738 Iesse,
381 676 461 740 quse
493 659 598 722 tamen
630 660 714 722 terra
740 656 859 742 Egypti
891 678 963 741 pars
997 663 1056 737 est,
1090 660 1145 725 sed
1176 660 1290 726 melior

140 766 215 830 setis
240 784 335 847 quam
359 765 460 830 omnis
483 764 629 849 Egyptus
653 769 711 830 est.
737 764 820 831 Sunt
843 784 918 849 ergo
943 766 1117 843 aOleema,
1141 767 1174 832 id
1198 770 1248 833 est
1271 787 1290 832 a
1313 768 1333 831 2

138 891 220 936 mare
248 870 355 951 rubro,
383 890 483 953 usque
508 870 547 935 ad
570 870 718 935 Arabiam
744 871 909 937 ciuitatem
933 872 1113 938 mansiones
1137 877 1289 957 quattuor

136 998 189 1061 per
226 977 366 1051 heremo,
404 977 450 1042 sio
482 982 587 1042 tamen
624 996 679 1061 per
716 977 891 1056 heremum,
930 983 967 1043 ut
1000 982 1070 1043 eata
1106 980 1288 1045 mansiones

111 1084 329 1149 smouasteria
357 1085 521 1150 sinleum
550 1084 707 1151 militibus
732 1089 764 1151 et
791 1086 993 1170 praepositis,
1023 1086 1162 1169 quinos
1191 1087 1288 1153 ‹ledu-

136 1192 251 1257 oebant
275 1210 399 1275 semper
416 1190 454 1256 de
474 1194 578 1257 castro
602 1192 641 1255 ad
661 1194 812 1259 castrum.
835 1192 928 1257 Inoo
954 1211 1028 1277 ergo
1051 1194 1163 1259 itinere
1186 1192 1288 1259 saneti

136 1299 190 1381 qui
214 1296 383 1363 nobiseum
408 1302 505 1373 erant,
533 1298 594 1363 hoo
618 1302 667 1363 est
690 1297 798 1363 elerici
821 1299 875 1363 uel
897 1299 1055 1378 monaehi,
1080 1300 1289 1365 ostendebant·

135 1403 228 1470 uobis
253 1404 382 1488 singule
402 1406 483 1481 looa,
507 1424 589 1487 quae
612 1424 736 1489 semper
760 1424 819 1490 ego
843 1404 932 1471 iuxta
954 1407 1128 1490 scripturas
1151 1407 1288 1489 require·

135 1513 223 1587 hem3
249 1532 322 1576 uam
341 1512 403 1577 alia
419 1513 452 1577 iu
472 1513 612 1590 sinistro,
632 1512 694 1577 alia
711 1512 741 1576 in
763 1512 870 1577 dextro
890 1512 928 1577 de
946 1512 1060 1577 itinere
1078 1514 1170 1580 uobis
1189 1518 1289 1593 erant,

102 1642 121 1675 u
137 1620 198 1684 alia
223 1618 321 1684 etiem
344 1619 470 1705 lougius
495 1619 533 1685 de
557 1620 620 1698 uia,
645 1619 705 1685 slis
728 1620 760 1684 iu
783 1620 936 1704 proximo.
960 1618 1042 1684 Nam
1065 1620 1163 1685 miehi
1182 1620 1290 1685 eredat
1313 1622 1333 1685 3

137 1727 210 1791 nolo
246 1726 371 1791 effectio
405 1730 522 1805 uestra,
552 1730 705 1809 quantum
733 1730 840 1791 tumen
873 1725 1038 1811 persidem
1070 1728 1171 1810 potui,
1204 1726 1289 1792 filios

138 1833 261 1898 israhel
284 1834 330 1897 sie
349 1834 540 1915 ambulasse,
563 1837 601 1899 ut
619 1838 771 1916 quantum
794 1833 876 1898 irent
894 1833 1011 1913 dextra,
1035 1838 1162 1899 tantum
1185 1852 1289 1899 reuer-

138 1942 282 2003 terentur
310 1937 448 2017 siuistre,
477 1942 631 2020 quantum
655 1937 756 2003 denuo
781 1938 886 2004 inante
909 1938 1009 2019 ibant,
1036 1943 1162 2005 tautum
1186 1940 1288 2007 denuo

139 2050 220 2110 retro
235 2044 483 2123 reperiebantur,
499 2046 591 2111 etsie
606 2046 749 2111 fecerunt
766 2046 873 2130 ipsum
891 2046 962 2126 iter,
977 2046 1077 2113 donee
1090 2046 1291 2130 peruenirent

101 2166 123 2205 1⁵
140 2152 177 2216 ad
200 2156 288 2217 mare
315 2152 455 2220 rubrum.
489 2152 570 2218 Nam
596 2155 628 2217 et
649 2152 827 2236 Epauleum
852 2155 1016 2218 ostensum
1041 2157 1091 2219 est
1118 2153 1220 2233 uobis,
1250 2153 1332 2219 (104

141 2264 249 2325 eontra
280 2264 396 2337 tamen,
430 2261 462 2324 et
488 2258 673 2344 Magdalum
705 2259 838 2324 luimus.
873 2258 956 2325 Nam
989 2265 1129 2325 oestrum
1162 2263 1212 2324 est
1243 2258 1289 2324 ibi

142 2386 220 2432 nune
252 2366 371 2431 habeus
399 2366 614 2451 praepositum
639 2385 711 2431 oum
735 2366 848 2442 milite,
877 2367 932 2449 qui
954 2367 999 2431 ibi
1021 2385 1106 2431 nuuc
1128 2366 1290 2450 praesidet

141 2493 194 2556 pro
219 2472 389 2557 disciplina
415 2493 552 2541 romana.
589 2474 670 2538 Nam
697 2476 728 2539 et
754 2492 812 2538 uos
839 2473 928 2538 iuxta
950 2473 1212 2539 cousuetudinem
1236 2474 1288 2539 de·

142 2580 299 2646 duxerunt
328 2580 400 2645 iude
427 2600 529 2663 usque
561 2582 600 2646 ad
633 2581 719 2646 aliud
756 2584 906 2658 castrum,
944 2584 976 2645 et
1010 2580 1102 2646 loeus
1138 2580 1287 2646 Belsefou

101 2710 123 2747 s
143 2692 289 2753 ostensus
318 2690 368 2752 est
395 2688 496 2765 uobis,
523 2687 621 2753 immo
649 2688 681 2751 iu
706 2707 742 2753 eo
770 2688 840 2753 loeo
869 2688 1000 2752 inimus.
1037 2686 1120 2752 Nam
1146 2687 1216 2771 ipse
1240 2690 1289 2752 est

142 2812 272 2878 campus
293 2814 388 2877 supra
405 2814 489 2859 mare
508 2794 649 2873 rubrum,
669 2796 756 2860 iuxta
774 2796 860 2859 latus
878 2794 1007 2871 montis,
1027 2813 1122 2877 quem
1141 2793 1288 2878 superius

142 2901 213 2977 dixi,
233 2901 289 2966 ubi
309 2900 368 2965 filii
380 2901 511 2979 Israhel,
527 2920 598 2966 oum
616 2901 776 2967 uidissent
793 2900 949 2985 egyptios
967 2903 1043 2983 post
1060 2919 1095 2966 se
1113 2899 1288 2979 uenientes,

143 3010 406 3075 exolsmaueruut.
431 3006 513 3074 Oton
533 3009 629 3074 etiam
649 3012 814 3073 ostensum
833 3011 883 3073 est
901 3008 1003 3085 nobis,
1028 3007 1112 3090 quod
1132 3011 1181 3072 est
1202 3006 1290 3071 iuxta
1313 3012 1333 3072 5

144 3116 267 3182 deserta
289 3118 369 3194 loce,
399 3115 483 3180 sieut
506 3115 661 3198 seriptum
686 3117 745 3190 est,
773 3132 831 3178 neo
858 3132 919 3178 nou
944 3113 1037 3178 etiam
1063 3115 1096 3177 et
1120 3111 1289 3178 Sooohoth.

102 3242 126 3279 u
145 3223 302 3291 Sooohoth
322 3225 428 3287 autem
448 3224 498 3287 est
517 3222 621 3287 cliuus
640 3220 785 3285 modicus
803 3220 834 3284 iu
853 3219 958 3284 media
975 3218 1069 3285 ualle.
1089 3219 1177 3283 iustu
1195 3238 1289 3301 quem

144 3330 328 3395 oollioulum
352 3328 485 3394 fixerunt
509 3332 611 3393 eastra
633 3327 691 3391 filii
709 3325 843 3402 Israheh
867 3346 937 3391 nam
962 3326 1014 3390 hio
1038 3330 1088 3391 est
1109 3326 1211 3404 loeus,
1234 3324 1289 3390 ubi

145 3441 273 3521 accepta
302 3442 352 3503 est
377 3438 426 3503 ler
455 3436 601 3519 paschae.
636 3434 773 3499 Pithone
801 3434 896 3498 etism
925 3434 1051 3511 ciuitas,
1085 3452 1179 3516 quam
1207 3432 1288 3497 aedi·
1314 3435 1333 3499 6

145 3544 318 3609 ficarreruut
344 3544 402 3607 filii
428 3543 560 3621 Israhel,
590 3545 717 3606 ostensa
745 3544 795 3605 est
822 3540 913 3604 uobis
941 3540 972 3603 in
1005 3540 1076 3622 ipso
1102 3540 1225 3619 itinere,
1257 3537 1289 3602 iu

235 3794 266 3845 15
282 3788 316 3842 01.
332 3786 415 3842 Erod.
428 3789 469 3851 14,
481 3786 604 3855 2(Sept.)
655 3786 688 3839 22
704 3784 738 3842 ol.
753 3782 839 3838 Exod.
857 3784 899 3842 14.
916 3783 949 3837 10
999 3784 1034 3836 23
1049 3782 1082 3837 01,
1098 3779 1181 3836 Exod.
1199 3782 1239 3845 13,
1255 3781 1290 3835 20

145 3877 336 3935 2501111011.
358 3878 399 3939 12,
419 3876 452 3931 37
508 3876 542 3931 26
563 3874 596 3929 01.
616 3874 698 3928 Erod.
721 3876 762 3939 12,
782 3874 818 3928 43
873 3874 907 3927 27
927 3872 960 3925 01.
980 3871 1065 3926 Eroti.
1088 3873 1111 3938 l,
1131 3872 1162 3925 11

181 4020 467 4076 50100001οή00000.
488 4034 521 4073 ex
538 4016 703 4071 monasteria
722 4016 749 4069 A
793 4018 826 4071 15
846 4018 951 4079 ostens3
971 4014 999 4067 A
1043 4016 1076 4069 16
1095 4013 1207 4081 fuimus]
1222 4012 1290 4065 fines

148 4109 322 4165 Obolodniot
364 4108 397 4163 18
416 4122 584 4161 romanarum
603 4107 640 4169 A,
657 4105 705 4159 sed
722 4104 836 4175 syllaba
855 4120 913 4158 ruru
933 4102 1037 4157 lineola
1052 4102 1188 4171 perducto
1200 4102 1290 4155 deleta

147 4202 180 4255 19
200 4201 275 4255 looos
293 4198 432 4267 Belsefon]
453 4198 495 4251 ioe
514 4196 637 4251 helseion
656 4212 689 4249 ex
708 4196 749 4248 ioe
768 4196 900 4265 belsepon
919 4209 987 4248 corr.
1007 4196 1034 4247 A
1053 4192 1116 4246 iude
1134 4190 1290 4261 Belsephon

146 4288 305 4353 Mommsen,
324 4287 398 4342 Berl.
418 4285 663 4355 Silrunpsberiebte
687 4286 773 4347 1887,
793 4302 823 4353 p.
845 4286 900 4336 361
919 4284 1035 4337 castrum
1053 4282 1072 4335 i.
1092 4296 1115 4334 e.
1134 4279 1289 4349 Belsephon

147 4379 215 4432 coni.
233 4377 338 4431 Purser
354 4377 386 4430 in
404 4376 443 4429 ed.
463 4373 602 4429 Bernard.
658 4372 692 4427 20
713 4376 850 4426 ostensum
870 4374 897 4425 A
952 4371 985 4424 27
1005 4369 1202 4425 edifiosuerunt
1219 4369 1246 4421 A
