3125 4942
243 436 375 500 XXlV‘
706 432 924 488 Praefatio.

243 633 333 693 seuut
359 649 462 713 usque
497 629 535 694 ad
568 628 701 715 duplice)
733 629 765 693 in
799 628 1001 694 adnotatione
1034 629 1146 694 anitiae
1177 649 1287 695 eornm
1318 649 1391 696 oon-

200 734 220 798 0
245 755 373 802 sensum
399 735 446 824 (b)
470 736 542 801 inde
566 755 585 800 a
607 755 637 818 p.
664 737 739 814 149,
759 739 790 814 9,
813 736 870 801 ubi
895 735 924 801 0
947 736 1074 814 desinit,
1097 736 1208 801 notaui
1230 736 1270 800 ad
1294 736 1392 801 huius

244 843 382 908 familiae
405 843 577 926 imaginem
601 843 798 924 explendam.

201 945 222 1012 S
288 950 409 1027 Restat,
442 953 479 1014 nt
516 949 679 1033 explicem,
713 968 768 1014 our
807 948 926 1014 oodiois
964 947 1180 1034 sangallensis
1214 951 1278 1015 732
1311 968 1392 1014 anno

245 1053 400 1120 0000111
422 1055 543 1138 scripti,
562 1055 709 1138 quamuis
729 1058 833 1119 aetate
856 1055 1058 1134 uenerabilis,
1077 1055 1231 1120 lectiones
1252 1057 1285 1120 in
1309 1057 1394 1121 notis

246 1160 365 1225 aritiaia
403 1160 528 1226 silentio
566 1161 795 1243 praeterierim
829 1161 868 1225 de
901 1181 963 1245 quo
995 1162 1078 1228 libro
1111 1162 1253 1228 conferas
1287 1162 1394 1228 Gilda·

246 1265 431 1331 meisterum
454 1267 477 1332 l.
497 1287 523 1334 a.
543 1289 574 1352 p.
596 1270 624 1332 7.
651 1266 798 1334 Continet
820 1268 925 1352 legam
947 1268 1194 1334 Alamannorum
1218 1273 1395 1334 61111111-

245 1374 386 1456 ptionem
408 1374 521 1439 beatae
544 1374 673 1453 Mariae,
699 1395 795 1458 qaam
823 1375 984 1460 excipiunt
1011 1378 1157 1457 excerpta
1179 1375 1335 1457 quaedam
1358 1395 1396 1441 61

247 1480 437 1546 Theodosio:
462 1501 492 1563 p.
519 1482 593 1558 137,
619 1483 739 1546 1-14.
764 1483 1027 1562 137,.16-138,
1053 1484 1105 1549 14.
1131 1483 1205 1556 140,
1231 1486 1250 1547 5
1275 1503 1301 1549 s.
1326 1483 1345 1548 8
1370 1503 1396 1548 a.

250 1588 323 1665 140,
363 1588 526 1667 12-141,
565 1589 594 1655 4.
634 1586 786 1670 Sequitur
816 1589 1010 1667 Brauiarius,
1043 1608 1138 1671 quem
1174 1592 1302 1664 uocant,
1334 1588 1396 1653 hoa

247 1693 341 1759 titulo
352 1692 724 1777 p1·aafixo:Dedootriua,
735 1696 818 1780 quod
831 1699 876 1760 est
888 1695 924 1758 iu
936 1698 1048 1759 saneta
1059 1694 1268 1772 Rimoniana,
1283 1695 1397 1760 deinde

248 1800 457 1884 fragmentum
483 1801 638 1866 Itinerarii
662 1801 902 1887 Burdigalensis
925 1821 957 1884 p.
983 1803 1035 1879 19,
1058 1802 1201 1879 25-21,
1226 1803 1257 1879 2,
1287 1800 1340 1885 (of.
1363 1820 1395 1884 p.

249 1907 301 1990 V),
321 1908 373 1972 eui
392 1908 568 1973 annectitur
588 1909 785 1974 Theodosius
804 1929 834 1993 p.
852 1910 926 1985 144,
942 1909 1107 1984 21-145,
1123 1910 1154 1972 2.
1176 1909 1249 1986 147,
1264 1909 1398 1972 20-24

249 2017 290 2091 61,
315 2016 462 2097 quamuis
486 2015 577 2080 ualde
601 2014 821 2098 interpolatus,
844 2015 936 2080 loeus
960 2014 998 2079 de
1022 2016 1145 2096 septem
1169 2013 1398 2079 dormientibus

249 2140 280 2203 p.
307 2123 379 2200 148,
412 2123 507 2196 1-6,
536 2121 670 2204 denique
703 2122 762 2186 sub
796 2122 892 2187 titulo
919 2119 973 2185 Da
1003 2120 1175 2185 uirtutibus
1196 2119 1399 2184 Hierusalem

250 2228 383 2293 altorum
408 2228 621 2312 fragmentum
644 2227 802 2293 Itinerarii
819 2227 1060 2312 Burdigalensis
1079 2246 1111 2311 p.
1130 2229 1185 2300 21,
1205 2229 1325 2305 8-25,
1346 2229 1398 2293 17.

250 2335 333 2401 Loco
360 2335 416 2400 illo
444 2354 474 2417 p.
506 2336 622 2414 148,1
652 2353 695 2400 sa.
730 2335 827 2400 uerba
858 2333 901 2397 ad
925 2331 1241 2414 pedes-Quiriaeus
1273 2333 1398 2405 desunt,

251 2441 307 2506 sed
329 2445 402 2526 post
421 2440 572 2506 Felicitas
594 2441 673 2506 haee
696 2441 870 2506 adduntur:
888 2440 936 2504 Et
951 2441 989 2504 in
1005 2439 1155 2521 spelunea
1170 2440 1286 2504 montis
1303 2439 1402 2504 aeieu:

250 2547 302 2612 ihi
322 2548 518 2628 requiesceret
536 2567 666 2628 corpora
683 2553 873 2629 sanatorum,
892 2547 928 2610 id
943 2551 1034 2612 suut:
1052 2546 1286 2624 Moeranum,
1305 2546 1401 2611 Mar·

250 2653 397 2732 titianus,
429 2653 608 2731 Diouisius,
638 2654 804 2732 Iohannes,
837 2652 1013 2735 Serapieion
1049 2658 1078 2718 et
1117 2652 1310 2731 Constantio,
1346 2654 1402 2738 qui

250 2765 404 2842 martyres
426 2760 512 2843 faeti
541 2765 615 2825 suut
645 2763 681 2826 iu
712 2761 837 2825 ciuitate
859 2759 985 2842 Epheso
1015 2764 1197 2842 repuantem
1218 2759 1312 2824 Desii
1341 2760 1402 2822 im-

245 2869 415 2948 peratoris.
443 2867 485 2931 Iu
512 2873 646 2950 tempore
671 2867 733 2945 ilio,
762 2868 846 2952 quod
870 2867 1067 2951 manifestati
1091 2873 1175 2944 suut,
1204 2869 1402 2943 iuueuemeut,

252 2973 335 3058 quod
364 2972 538 3038 hahuerunt
572 2971 809 3038 COOLXXII
833 2993 935 3038 anuos
965 2973 1000 3036 iu
1036 2976 1168 3054 tempore
1200 2972 1404 3037 Munimiauo

251 3079 439 3160 imperatore
462 3101 531 3144 aum
552 3084 731 3145 sauctorum
753 3100 885 3161 empore
901 3081 1155 3144 resurreaisseut.
1177 3079 1224 3143 Bt
1241 3077 1405 3160 ampiaaus

253 3193 297 3252 cst
319 3186 542 3252 Maximianus
569 3189 741 3268 imperator
762 3193 887 3252 sanatos
912 3186 983 3251 iilos
1005 3189 1033 3250 et
1059 3206 1165 3250 munes
1191 3186 1333 3250 uidentes
1355 3185 1404 3248 iu·

254 3293 403 3359 eiinantes
429 3294 534 3375 capita
560 3315 620 3358 sua
648 3295 852 3359 dormierunt.
878 3293 948 3359 Dea
973 3295 1106 3375 prutina.
1131 3292 1203 3358 Non
1230 3291 1324 3356 faoilo
1354 3294 1405 3356 est

253 3403 314 3466 hoo
338 3403 519 3486 excerptum
542 3401 582 3464 ad
605 3401 740 3466 alterum
758 3403 868 3466 111111
886 3400 1034 3466 eodieum
1053 3418 1154 3483 genus
1173 3399 1298 3477 referre,
1317 3416 1402 3481 prae

255 3509 364 3573 sertim
388 3528 461 3572 oum
484 3509 585 3573 multa
609 3508 648 3572 ad
672 3508 837 3573 arbitrium
859 3509 983 3572 mutata
1006 3507 1059 3571 uel
1083 3506 1202 3571 omissa
1220 3506 1294 3583 sint,
1313 3505 1407 3570 uelut

254 3635 285 3697 p.
306 3615 381 3693 137,
402 3617 419 3680 7
439 3615 484 3680 ibi
507 3616 655 3678 erut-iu
677 3635 741 3695 qua
757 3613 935 3678 Bethsaida
959 3614 1033 3691 137,
1053 3615 1084 3679 9.
1111 3613 1185 3690 137,
1211 3615 1254 3678 14
1280 3610 1406 3694 Cappa-

255 3721 346 3784 docia
372 3722 492 3806 legitur
517 3740 574 3804 pro
604 3719 766 3798 Sebastem
795 3721 869 3798 138,
898 3720 919 3784 4
945 3718 1108 3783 Bethania
1134 3737 1190 3802 pro
1218 3715 1404 3782 Bethsaida.

258 3829 331 3908 187,
358 3829 398 3892 14
422 3831 496 3912 post
519 3827 686 3892 decollatus
709 3831 754 3890 est
776 3826 917 3892 additur:
940 3825 980 3890 ab
998 3825 1134 3903 Herode,
1158 3824 1306 3890 similitor
1331 3824 1404 3899 138,

257 3937 276 3999 6
303 3934 356 3999 De
376 3934 554 4000 Bethsaida
581 3953 677 4018 usque
699 3935 735 3996 in
759 3932 911 3997 Paniada
933 3933 1146 4015 corrumpitur
1172 3930 1210 3995 de
1231 3929 1406 3994 Beniamin

255 4043 405 4124 usquein
421 4041 601 4106 Pauuauia.
628 4043 702 4119 140,
723 4043 742 4104 5
765 4040 821 4104 uhi
836 4038 991 4103 habitauit
1011 4042 1122 4102 sauata
1138 4035 1302 4100 Elisabeth
1323 4036 1407 4101 male

257 4151 466 4233 interpolatur
492 4147 546 4212 rabi
572 4145 724 4212 salutauit
750 4149 860 4209 sauata
884 4143 999 4208 Maria
1019 4142 1191 4209 Elisabeth.
1221 4142 1301 4208 Cum
1332 4142 1406 4218 138,

261 4259 299 4321 12
333 4255 479 4320 Liberius
508 4253 540 4333 S,
574 4253 726 4318 Liberius
755 4251 783 4318 G
816 4271 872 4335 pro
900 4249 1053 4327 Libanus,
1088 4251 1161 4327 140,
1190 4251 1209 4313 9
1241 4248 1407 4312 suseitauit

260 4361 353 4428 GWS
385 4383 440 4446 pro
467 4361 665 4426 resuscitarit
692 4359 794 4443 magis
823 4377 896 4422 eum
922 4355 1061 4422 secunda
1086 4355 1208 4421 familia
1233 4355 1337 4419 iacere
1360 4353 1407 4418 ui-
