3125 4942
473 472 499 527 S.
529 471 681 526 Siluiae
708 469 988 541 peregrinatio
1259 476 1301 539 79

149 688 264 733 annum
295 668 348 752 agi
376 686 498 750 semper
525 667 556 731 iu
585 666 664 747 ipsis
691 666 771 731 locis
801 667 930 732 sanctie.
973 666 1127 732 Similiter
1150 671 1181 731 et
1207 669 1302 733 tertia
1325 664 1345 725 5

147 776 227 839 sen'a
255 775 403 839 similiter
431 774 535 839 omnia
564 777 702 857 aguntur
725 773 810 837 sicut
833 778 866 837 et
888 773 1028 838 secunde
1049 774 1138 839 feria.
1182 773 1302 854 Quarta

147 882 227 946 feria
255 884 362 947 autem
391 880 538 945 similiter
566 881 631 944 itur
659 878 697 943 de
726 882 824 944 noctu
853 880 893 943 ad
919 880 1076 945 Anastase
1105 886 1137 945 et
1164 885 1302 964 aguntur

149 1008 195 1057 ea.
225 1008 306 1071 quae
334 1006 467 1070 semper,
496 1006 597 1069 usque
626 985 664 1050 ad
688 1006 791 1063 mane,
819 987 967 1051 similiter
990 991 1024 1051 et
1050 987 1089 1051 ad
1113 989 1239 1051 tertiam
1270 991 1303 1052 et

118 1095 187 1158 ead
221 1098 356 1168 sextam余
385 1094 422 1158 ad
452 1112 566 1159 nonam
599 1096 716 1171 autem,
750 1093 825 1176 quia
856 1093 1051 1158 cousuetudo
1085 1097 1135 1160 est
1166 1113 1301 1176 semper,

147 1203 251 1267 idest
273 1204 341 1267 toto
366 1220 455 1281 annu,
481 1203 592 1283 quarta
613 1201 692 1265 feria
716 1203 748 1265 et
771 1202 860 1264 serta
877 1200 956 1265 feria
974 1201 1014 1265 ad
1032 1220 1145 1266 nonam
1166 1202 1197 1265 in
1217 1200 1301 1285 Syou

147 1306 287 1390 procedi,
321 1307 468 1389 quoniam
497 1306 527 1370 iu
557 1305 629 1369 istis
658 1304 747 1381 locis,
782 1309 912 1386 excepto
940 1305 968 1369 si
995 1308 1204 1388 martyrorum
1234 1306 1301 1369 dies

148 1413 300 1484 euenerit.
325 1430 449 1495 semper
467 1413 579 1493 quarta
597 1412 630 1475 et
653 1414 740 1475 serta
762 1410 840 1475 seria
864 1412 959 1475 etiam
981 1415 1012 1476 et
1035 1430 1054 1476 a
1072 1411 1301 1476 cathecuminis

146 1522 317 1597 ieiunatur,
352 1522 384 1582 et
415 1518 486 1583 ideo
520 1518 560 1582 ad
592 1536 706 1582 nonam
738 1518 769 1581 in
805 1517 888 1600 Syou
922 1519 1111 1599 proceditur.
1158 1517 1239 1583 Nam
1273 1519 1301 1581 si

107 1652 129 1688 n
147 1628 281 1693 fortuito
318 1626 351 1690 in
383 1624 634 1709 quadragesimis
672 1628 881 1709 martyrorum
916 1624 984 1689 dies
1017 1625 1158 1689 euenerit
1190 1628 1302 1705 quarta

147 1735 226 1799 teria
250 1737 306 1798 aut
329 1735 416 1797 sexta
434 1732 511 1795 feria
530 1750 632 1813 neque
652 1732 690 1795 ad
709 1750 792 1795 nonu
808 1731 840 1795 iu
861 1730 943 1813 Syun
963 1732 1154 1815 proceditur.
1178 1731 1299 1796 Diebus
1324 1728 1344 1791 6

147 1860 224 1905 uero
245 1838 571 1923 quadragesimorum,
597 1841 633 1901 ut
656 1839 804 1920 superius
828 1838 901 1913 dixi,
925 1842 1037 1920 quarta
1059 1839 1137 1903 feria
1160 1838 1200 1903 ad
1219 1858 1300 1903 nona

148 1948 179 2011 in
204 1946 289 2029 Syon
318 1944 501 2028 proceditur
523 1945 610 2009 iuxta
634 1944 895 2010 consuetudinem
919 1946 1020 2009 totius
1044 1946 1117 2008 anni
1140 1949 1173 2010 et
1195 1946 1301 2010 omnia

149 2056 297 2138 aguntur,
313 2070 393 2136 quae
413 2050 609 2116 consuetudo
630 2055 679 2116 est
693 2051 858 2117 aduenam
874 2052 926 2134 agi
940 2056 1064 2134 praeter
1079 2051 1210 2126 oblati0余
1228 2070 1299 2115 nem

109 2164 185 2225 unt
218 2178 344 2240 semper
375 2158 512 2241 populus
541 2158 644 2223 discat
671 2158 786 2241 legem,
821 2161 852 2221 et
879 2158 1048 2240 episcopus
1076 2162 1110 2221 et
1135 2157 1301 2240 presbyter

149 2266 332 2351 praedicent
355 2264 493 2330 assidue.
532 2263 612 2328 Cum
638 2268 745 2329 atatem
768 2266 852 2329 facta
874 2264 971 2328 fuerit
993 2264 1101 2339 misse.
1129 2264 1202 2327 iude
1226 2282 1299 2328 cum

150 2372 252 2455 ymnis
277 2372 414 2455 populus
440 2371 575 2435 deducet
598 2372 782 2454 episcopum
807 2390 909 2453 usque
933 2369 972 2436 ad
995 2372 1198 2444 Anastasem余
1226 2369 1299 2433 inde

150 2480 194 2543 sic
213 2478 354 2554 uenitur,
374 2482 411 2541 ut
431 2496 503 2541 oum
520 2478 658 2541 intratur
675 2478 706 2542 in
726 2480 891 2548 Anastase,
915 2479 980 2541 iam
1000 2482 1032 2542 et
1050 2477 1127 2541 hora
1144 2477 1298 2541 lucemuri

150 2586 202 2658 sit余
238 2586 285 2649 sic
315 2585 464 2649 dicuntur
491 2585 578 2666 ymni
612 2588 644 2649 et
676 2585 877 2667 antiphonae,
909 2585 989 2649 fiunt
1018 2584 1173 2650 orationes
1204 2586 1236 2647 et
1263 2582 1300 2646 fit

106 2694 246 2756 comissa
278 2692 451 2756 lucernaris
483 2691 514 2755 in
548 2692 703 2755 Anastase
737 2695 769 2755 et
801 2692 840 2756 sd
868 2691 1011 2756 Crucem.
1057 2690 1159 2755 Missa
1190 2688 1341 2753 autem?

147 2796 315 2863 lucernarii
346 2797 377 2861 in
411 2796 512 2861 isdem
541 2796 663 2875 diebus,
696 2797 729 2861 id
758 2802 808 2861 est
835 2797 1158 2881 quadragesimarum,
1191 2796 1295 2861 serius

149 2904 183 2968 fit
209 2924 338 2987 semper
360 2923 453 2985 quam
478 2922 533 2985 per
555 2906 623 2968 toto
649 2923 738 2968 auno.
778 2903 896 2983 Quinta
917 2905 997 2969 feria
1019 2909 1126 2968 autem
1149 2903 1297 2967 similiter

149 3012 252 3075 omnia
276 3014 414 3095 aguntur
437 3010 521 3074 sicut
545 3010 683 3074 secunda
706 3010 786 3075 feria
807 3014 841 3074 et
861 3011 956 3075 tertia
978 3011 1063 3075 feria.
1103 3012 1196 3075 Serta
1219 3010 1297 3074 feria

148 3122 254 3182 antem
279 3117 428 3181 similiter
451 3117 556 3181 omnia
579 3120 718 3200 aguntur
746 3118 832 3181 sieut
854 3121 966 3199 quarta
993 3118 1071 3181 feria
1094 3122 1126 3181 et
1149 3117 1297 3181 similiter

108 3246 130 3285 sn
148 3223 184 3287 ad
212 3242 327 3288 nonam
359 3224 389 3287 in
421 3222 504 3305 Syon
533 3224 599 3287 itur
626 3226 658 3287 et
686 3224 836 3289 similiter
861 3224 935 3288 inde
962 3243 1035 3288 cum
1061 3224 1164 3306 ymnis
1192 3242 1295 3306 usque

147 3332 184 3393 ad
206 3331 366 3395 Anastase
394 3330 569 3393 adducetur
593 3331 772 3413 episcopus.
816 3330 878 3394 Sed
901 3334 988 3394 sexta
1010 3330 1089 3394 feria
1110 3330 1240 3413 uigiliae
1263 3331 1294 3393 in

146 3436 300 3501 Anastase
329 3436 528 3501 celebrantur
555 3437 592 3501 ab
617 3456 653 3501 ea
680 3438 767 3515 hore,
797 3437 920 3521 quade
945 3436 1018 3501 Sion
1043 3440 1175 3500 uentum
1198 3437 1296 3501 fuerit

146 3560 216 3607 cum
241 3544 358 3626 ymnis,
387 3543 542 3625 usquein
569 3562 669 3619 mane,
693 3543 726 3608 id
750 3547 800 3609 est
824 3544 862 3608 de
885 3544 962 3607 bore
985 3543 1162 3621 lucernarii,
1188 3564 1294 3626 quem-

180 3751 336 3803 2otterum
355 3750 481 3804 similiter
499 3750 716 3803 dctetBemurd
765 3749 835 3805 5ad
855 3755 931 3804 serto
949 3752 976 3803 A
1030 3750 1065 3803 ad
1083 3768 1181 3805 nonam
1199 3756 1291 3807 autem

145 3841 171 3893 in
191 3840 257 3893 Sion
277 3838 434 3907 proceditur
453 3838 628 3893 Cholodniab
728 3840 799 3895 Sed
817 3856 889 3893 nona
907 3841 934 3893 A
1032 3841 1247 3895 imarfiriomm
1265 3842 1291 3895 A

145 3929 161 3980 9
179 3928 336 3982 ieiunantur
354 3930 380 3980 A
399 3928 535 3981 ieiunetur
552 3928 719 3982 Ganrurrini
737 3936 761 3984 et
775 3930 825 3983 Du
841 3930 945 3983 Gbeane
957 3947 987 3997 p.
1005 3932 1065 3983 479
1117 3932 1146 3983 11
1168 3935 1250 4000 atque
1265 3937 1292 3985 A

145 4032 230 4085 neque
253 4017 419 4070 Gumurrini
501 4018 534 4070 12
554 4018 820 4087 quadragesimarum
840 4034 908 4071 corr.
928 4036 962 4071 eu
981 4017 1245 4087 quadregesimerum
1264 4024 1290 4073 A

147 4105 177 4159 13
196 4106 255 4159 sion
275 4106 302 4157 A
413 4107 446 4159 14
465 4106 567 4160 oblatio
586 4107 613 4161 A
633 4106 798 4161 oblationem
817 4108 876 4175 ipsc
894 4107 997 4161 coriaci
1106 4107 1138 4160 18
1157 4112 1246 4161 astase
1265 4109 1291 4161 A

145 4192 220 4262 bore]
240 4198 301 4247 tcta
320 4196 346 4247 A
366 4194 432 4247 liora
450 4194 509 4263 ipse
527 4194 674 4249 emendavi
781 4196 916 4250 lucernari
934 4196 973 4248 sic
991 4196 1038 4258 sic,
1057 4196 1105 4249 sed
1118 4197 1202 4264 prius
1219 4198 1292 4251 illud

146 4280 183 4334 sic
206 4282 310 4335 lineola
328 4297 381 4349 per
405 4280 525 4335 litteram
549 4298 561 4335 e
585 4282 669 4335 ducta
693 4282 810 4336 deletum
833 4287 872 4335 est
894 4282 1041 4335 lucernaris
1065 4283 1101 4336 sit
1127 4284 1292 4339 Gonrurrini

147 4368 196 4421 iam
216 4374 258 4423 est
276 4370 344 4424 horu
362 4369 517 4425 lucernaris.
538 4372 582 4425 Sic
605 4371 780 4426 Cholodniob
835 4374 868 4425 27
889 4378 913 4424 et
931 4388 956 4440 p.
977 4371 1021 4437 80,
1040 4374 1056 4425 2
1075 4377 1165 4426 astese
1184 4377 1210 4427 A
