3125 4942
488 478 513 533 S.
543 478 698 535 Siluiae
726 482 1009 551 peregrinatio
1284 487 1327 549 83

175 675 359 758 proceditur
377 676 465 741 iuxta
483 676 742 741 consuetudinem
766 678 799 741 in
818 677 954 741 ecclesia
971 678 1099 756 maiore,
1123 698 1202 762 quae
1221 680 1328 762 appel·

174 784 261 847 latur
284 782 484 865 Martyrium.
509 784 681 867 Propterea
704 788 811 849 autern
830 784 1018 868 Martyrium
1042 785 1229 868 appellatur,
1254 786 1328 869 quia

174 891 207 953 in
237 888 401 973 Golgothe
428 892 487 966 est,
521 890 554 955 id
583 896 632 955 est
658 894 734 975 post
761 890 905 963 Crucem,
940 892 995 957 ubi
1025 891 1180 956 Dominus
1213 912 1328 975 passus

174 998 235 1071 est,
260 998 294 1059 et
315 995 387 1061 ideo
405 996 565 1079 Martyrio.
592 996 671 1062 Cum
695 1017 768 1082 ergo
794 998 951 1062 celebrata
973 998 1092 1063 fuerint
1114 999 1220 1064 omnia
1241 998 1329 1062 iuxta
1360 998 1379 1059 2

141 1102 439 1167 monsuetudinem
472 1103 503 1167 iu
537 1104 673 1168 ecelesia
704 1104 833 1181 maiore,
867 1108 900 1169 et
931 1108 1099 1186 antequam
1131 1105 1188 1169 fiat
1218 1105 1327 1182 missa,

173 1209 285 1273 mittet
313 1226 424 1273 uocem
455 1209 696 1275 archidiaconus
725 1214 757 1275 et
784 1211 863 1277 dicit
885 1212 1037 1293 primum:
1065 1212 1129 1275 ista
1152 1212 1329 1293 septimana

175 1318 273 1391 omni,
298 1317 331 1380 id
356 1320 405 1381 est
429 1316 467 1381 de
491 1317 541 1383 die
566 1320 713 1396 crastino,
737 1320 814 1385 hora
836 1339 928 1397 nona,
953 1338 1062 1384 omnes
1082 1319 1121 1383 ad
1140 1320 1327 1403 Martyrium

174 1424 415 1497 conueniamus,
443 1424 476 1487 id
505 1427 613 1491 estin
642 1426 777 1491 ecelesia
804 1426 932 1490 maiore.
974 1427 1054 1490 Item
1082 1427 1192 1491 mittet
1217 1445 1329 1490 uocem

174 1530 309 1595 aiteram
359 1534 391 1595 et
428 1532 531 1597 dicet:
573 1532 666 1597 hodie
704 1552 814 1598 omnes
851 1535 928 1599 hora
965 1534 1101 1615 septima
1142 1533 1174 1597 in
1210 1533 1330 1598 Eleona

127 1657 155 1695 10
174 1637 280 1719 parati
303 1638 415 1705 simus.
452 1638 550 1703 Facta
573 1658 647 1723 ergo
670 1641 770 1704 missa
793 1640 825 1704 in
851 1642 986 1705 ecclesia
1009 1640 1136 1713 maiore,
1160 1639 1193 1703 id
1217 1643 1267 1704 est
1290 1638 1328 1702 ad
1361 1639 1381 1701 3

174 1744 377 1827 Martyrium,
407 1744 576 1810 deducitur
613 1746 782 1830 episcopus
812 1766 885 1811 cum
912 1747 1017 1830 ymnis
1047 1746 1087 1810 ad
1114 1747 1269 1810 anastase
1297 1748 1330 1808 et
1463 1734 1466 1741 ’

173 1850 220 1914 ibi
245 1848 423 1933 completis,
452 1870 531 1934 quae
553 1850 557 1937 Ι
579 1854 774 1919 consuetudo
804 1856 854 1918 est
876 1854 989 1919 diebus
1013 1853 1180 1917 dominicis
1206 1850 1276 1915 fieri
1297 1851 1328 1914 in
1384 1848 1451 1940 [64]

175 1958 333 2020 Anastese
365 1960 440 2037 post
471 1958 571 2024 missa
598 1960 741 2043 Martyrii
770 1965 803 2024 et
829 1961 892 2024 iam
919 1960 1139 2042 unusquisque
1171 1959 1262 2023 hiens
1291 1957 1330 2022 ad

176 2062 309 2127 domum
334 2082 426 2129 suam
450 2065 581 2130 festinat
603 2067 805 2145 manducare,
833 2072 871 2133 ut
894 2068 971 2132 hora
993 2067 1160 2133 inchoante
1184 2066 1330 2148 septima,

126 2189 154 2229 ιε
175 2188 286 2234 omnes
314 2171 346 2233 in
375 2170 510 2235 eeclesia
537 2174 638 2255 parati
667 2174 740 2247 sint,
771 2192 852 2255 quae
880 2178 931 2238 est
957 2174 989 2237 in
1012 2173 1141 2248 Eleous,
1168 2172 1203 2235 id
1226 2175 1276 2235 est
1298 2172 1330 2237 in

173 2280 282 2341 monte
308 2276 438 2355 Oliueti‚
458 2278 513 2343 ubi
539 2282 588 2344 est·
612 2281 763 2361 spelunca
786 2280 852 2348 illo.
872 2280 904 2344 in
929 2300 992 2363 qua
1010 2279 1145 2344 docebat
1163 2278 1330 2344 Dominus,

219 2384 307 2448 Hora
327 2403 401 2467 ergo
426 2386 561 2467 septima
581 2387 683 2451 omnis
702 2388 841 2471 populus
861 2387 1011 2451 ascendet
1029 2388 1060 2451 in
1080 2390 1187 2451 monte
1207 2385 1329 2462 oliueti‚
1339 2385 1382 2451 31

173 2490 208 2553 id
232 2492 283 2554 est
306 2490 337 2555 in
361 2491 488 2569 Eleous,
508 2493 540 2557 in
565 2494 709 2572 ecelesia,
730 2494 786 2558 sed
811 2498 844 2558 et
861 2494 1044 2577 episcopum
1070 2493 1220 2558 dicuntur
1242 2494 1329 2575 ymni

174 2602 209 2659 et
227 2597 416 2679 antiphonae
436 2604 527 2681 aptae
548 2599 610 2664 diei
630 2600 691 2684 ipsi
711 2602 764 2665 uel
781 2601 863 2676 loco,
883 2601 1035 2665 lectiones
1055 2599 1150 2664 etiam
1170 2598 1328 2665 similiter.

122 2722 152 2763 ao
172 2704 215 2767 Dt
244 2722 318 2768 cum
348 2706 486 2788 coeperit
513 2725 547 2771 se
575 2706 678 2771 facere
707 2707 785 2771 hora
807 2726 899 2785 nona,
922 2708 1049 2771 subitur
1073 2724 1144 2770 cum
1169 2707 1273 2789 ymnis
1296 2706 1329 2771 in

170 2810 341 2886 Inbomon,
361 2811 394 2874 id
414 2814 464 2877 est
482 2812 513 2876 in
534 2832 569 2877 eo
589 2814 671 2891 loco,
692 2814 729 2878 de
752 2834 814 2895 quo
834 2814 978 2878 aseendit
995 2814 1153 2878 Dominus
1171 2814 1201 2877 in
1222 2814 1327 2891 caelis,

172 2920 207 2981 et
229 2916 275 2980 ibi
296 2917 433 2993 seditem
457 2938 529 2983 nam
554 2920 657 2985 omnis
681 2920 820 3003 populus
840 2939 966 3003 semper
983 2921 1148 3002 praesente
1167 2920 1327 3002 episcopo,

170 3024 303 3088 iubetur
340 3024 458 3101 sedere,
501 3030 627 3090 tantum
665 3026 749 3109 quod
787 3026 933 3091 diacones
973 3026 1033 3091 soli
1070 3028 1155 3090 stant
1192 3044 1326 3109 semper.

169 3130 333 3195 Dicuntur
365 3134 397 3197 et
428 3131 472 3195 ibi
504 3132 591 3215 ymni
624 3134 676 3197 uel
709 3134 899 3215 antiphonae
932 3137 1024 3215 aptae
1056 3132 1126 3197 loco
1160 3136 1217 3195 aut
1249 3131 1325 3195 diei:

122 3237 325 3303 assimiliter
353 3240 385 3301 et
411 3238 565 3304 lectiones
596 3238 803 3323 interpositae
832 3244 864 3302 et
888 3240 1056 3304 orationes.
1098 3239 1140 3302 ut
1165 3238 1229 3302 iam
1253 3257 1326 3303 cum
1359 3243 1378 3305 2

168 3344 314 3426 coeperit
341 3364 410 3409 esse
438 3344 516 3409 horu
542 3344 718 3418 undecima,
742 3346 861 3431 legitur
887 3346 942 3409 ille
968 3345 1060 3410 loeus
1084 3345 1123 3409 de
1147 3345 1325 3428 euangelio,

168 3451 227 3515 ubi
240 3450 379 3515 infantes
394 3470 467 3515 oum
482 3452 577 3515 ramis
592 3454 645 3516 uel
659 3452 774 3535 palmis
795 3456 998 3517 occurrerunt
1013 3452 1147 3517 Domino
1168 3451 1324 3520 dicentes:

167 3557 416 3633 Benedictus,
438 3556 502 3640 qui
520 3558 627 3623 uenit
644 3558 680 3623 iu
701 3559 850 3624 nomine
870 3560 1028 3624 Domini.
1049 3560 1090 3623 et
1108 3558 1218 3622 statim
1236 3558 1326 3622 leuat

166 3684 204 3731 se
228 3666 399 3747 episcopus
423 3670 455 3731 et
479 3666 582 3730 omnis
606 3668 755 3749 populus,
779 3685 871 3747 porro
899 3665 971 3730 iude
995 3666 1034 3729 de
1062 3684 1188 3731 summo
1216 3667 1323 3729 moute

115 3790 143 3828 ra
165 3772 284 3837 olineti
310 3776 414 3837 totum
443 3772 578 3855 pedibus
606 3774 681 3837 itur.
722 3773 805 3837 Nam
832 3778 921 3838 totus
948 3772 1088 3855 populus
1117 3774 1189 3837 ante
1216 3771 1322 3854 ipsum

166 3898 244 3944 cum
264 3880 369 3962 ymnis
392 3882 446 3944 uel
468 3880 650 3964 antiphonis
670 3880 896 3962 respondentes
916 3900 1054 3963 semper:
1078 3878 1322 3956 Benedictus,

262 4088 296 4143 28
314 4088 415 4144 Matth.
434 4090 477 4153 21,
497 4090 513 4143 9

205 4212 318 4267 dinato
336 4211 364 4264 A
383 4210 437 4265 iste
454 4212 554 4281 scripsi
643 4213 757 4266 domne
776 4213 804 4266 A
891 4211 923 4265 de
944 4210 1044 4265 addidi
1063 4228 1123 4264 eum
1145 4209 1321 4263 Ctoiodniot·

164 4300 229 4355 sin
245 4316 277 4352 eo
296 4298 423 4353 leonaA
470 4300 503 4355 14
522 4299 550 4352 in
569 4315 623 4370 quo
643 4300 752 4353 unteA
795 4300 828 4354 16
847 4298 997 4353 ibiAubi
1015 4298 1115 4367 scripsi
1157 4299 1190 4353 19
1210 4300 1273 4367 apte
1292 4298 1319 4349 A

163 4392 202 4445 26
222 4389 328 4459 ceperit
346 4392 374 4441 A
428 4388 462 4443 30
474 4388 615 4456 fortasse:
635 4394 697 4442 ante
715 4390 805 4458 ipsum
823 4388 902 4441 uadit

1251 4492 1284 4544 6*
