3125 4942
283 433 451 498 XXXVIII
751 430 968 485 Praefatio.

285 626 445 702 adhibere,
470 626 526 691 sed
549 645 650 710 usque
674 626 712 690 ad
732 625 910 690 Mabillouii
930 624 1100 690 editionem
1125 625 1352 706 descendisset,
1372 645 1434 690 non

283 733 400 798 fuisset
434 737 565 798 coaetus
597 733 700 811 fateri,
734 732 811 815 quid
842 732 993 798 Amulius
1027 731 1204 816 significare
1236 731 1344 809 uellet,
1368 751 1435 797 see·

284 839 356 922 pius
389 859 451 904 non
485 859 578 923 posse
612 840 763 924 intellegi.
797 839 941 913 Accedit,
965 839 1050 921 quod
1079 858 1151 903 eum
1183 838 1268 924 fugit
1297 838 1434 903 arideu-

285 965 357 1010 cum
377 945 548 1030 Vogelium
572 946 603 1009 in
624 945 857 1024 dissertatione,
877 964 957 1027 quae
976 945 1162 1010 inscribitur
1177 944 1230 1008 De
1248 943 1434 1027 Hepestppa

283 1053 338 1132 661
361 1051 486 1130 dieder,
510 1051 637 1134 Iosephe'
658 1053 836 1133 interprete.
856 1050 1126 1136 Ε61666661881
1146 1057 1178 1118 61
1199 1053 1231 1116 16
1255 1053 1435 1118 recensione

285 1158 432 1224 editionis
460 1159 664 1225 Toblerianae
692 1160 724 1223 in
753 1159 963 1242 ephemeride,
992 1179 1072 1241 6666
1105 1164 1238 1224 uocatur
1273 1158 1437 1240 Gottinper

287 1262 429 1328 Gelehrtc
452 1264 611 1348 Aeaeee'pen
634 1269 722 1330 1881
735 1286 770 1346 p.
789 1269 859 1330 218
874 1285 928 1344 66,
947 1266 1090 1331 16611166
1109 1265 1286 1329 1616666661
1304 1265 1436 1330 1666611-

285 1372 369 1455 gatis
393 1391 452 1437 non
477 1372 588 1455 paucis
611 1373 691 1437 locis
717 1391 832 1437 nouam
857 1372 962 1436 lucem
981 1371 1141 1437 attulisse.
1166 1371 1265 1437 (innius
1284 1372 1434 1456 uestigiis

284 1478 436 1542 insistens
473 1478 642 1544 nonnullos
680 1479 775 1544 etiam
814 1479 893 1543 alies
929 1478 1018 1544 locos
1050 1478 1211 1563 indageui,
1245 1476 1362 1560 quihus
1395 1477 1435 1542 eh

283 1583 467 1651 Adarunano
496 1585 660 1669 exscriptis
689 1589 795 1650 textus
824 1585 982 1650 emendari
1008 1587 1121 1669 possit,
1145 1587 1175 1649 in
1205 1587 1436 1670 programmate

285 1689 452 1775 Gymnasii
483 1691 604 1756 Annaei
636 1692 817 1776 Augustani
852 1693 949 1759 1895.
982 1692 1053 1757 Non
1090 1693 1201 1774 paucis
1234 1692 1318 1756 enim
1354 1690 1435 1754 locis

284 1798 381 1862 etiam
415 1797 606 1880 optimorum
641 1798 787 1863 codicum
814 1799 968 1863 lectiones
995 1804 1063 1862 tem
1090 1801 1257 1881 corruptae
1285 1802 1370 1871 sunt,
1400 1800 1437 1862 61

283 1903 425 1969 fontibus
450 1923 509 1969 uon
535 1906 704 1988 compertis
729 1905 887 1970 emendari
911 1925 972 1971 non
996 1909 1137 1990 possent,
1161 1904 1253 1969 uelut
1269 1925 1299 1987 p.
1318 1905 1394 1978 277,
1415 1907 1435 1967 5

284 2015 317 2076 61
343 2013 420 2086 268,
443 2012 494 2089 17,
519 2011 557 2076 de
582 2012 697 2094 quihus
718 2013 768 2096 egi
787 2013 857 2076 loco
877 2013 973 2077 allato
993 2033 1023 2095 p.
1044 2015 1075 2077 o.
1094 2011 1160 2076 Alii
1178 2011 1242 2077 loci
1259 2011 1293 2074 id
1312 2011 1436 2094 generis

285 2123 361 2183 sunt
388 2119 464 2195 269,
489 2121 519 2183 5.
550 2119 625 2198 279,
653 2121 704 2186 11.
736 2119 785 2184 17.
817 2121 867 2183 18.
897 2117 974 2196 260,
998 2122 1028 2183 2.
1053 2119 1084 2182 6.
1109 2121 1140 2182 9.
1167 2118 1217 2181 16.
1246 2118 1323 2194 281,
1347 2118 1378 2181 5.
1404 2117 1435 2181 9.

287 2225 337 2287 10.
379 2227 429 2304 14,
467 2225 522 2289 611
556 2225 774 2291 adnotationes
808 2225 936 2290 criticae
967 2223 1182 2308 inspiciendae
1213 2228 1297 2289 sunt.
1329 2223 1436 2289 Etiam

287 2349 318 2412 p.
334 2331 410 2405 265,
426 2333 446 2394 4
463 2331 524 2395 huc
543 2332 739 2396 referendum
762 2332 902 2396 uidetur:
926 2330 1094 2413 (16166116
1112 2331 1221 2411 661616
1239 2329 1379 2393 miliario
1397 2329 1437 2392 ed

285 2436 443 2515 Hiericho,
468 2438 534 2514 ubi,
560 2439 587 2504 si
612 2437 723 2503 Onom.
749 2458 839 2504 seem
862 2439 910 2503 ed.
930 2438 1072 2523 Legerda
1090 2457 1121 2521 p.
1143 2439 1216 2514 126,
1236 2439 1279 2502 28
1299 2457 1325 2500 6.
1349 2455 1435 2501 com·

284 2544 460 2624 paraueris:
483 2543 529 2606 Et
552 2543 725 2609 ostenditur
746 2565 845 2630 66666
866 2545 955 2610 hodie
978 2544 1061 2608 16666
1083 2545 1222 2608 desertas
1243 2545 1280 2605 e'n
1301 2543 1437 2607 66616616
1445 2549 1459 2573 ··

284 2646 427 2711 16616166
449 2647 587 2713 miliario
611 2667 762 2714 numerus
787 2649 814 2714 V
839 2670 875 2715 er
898 2651 927 2715 U
950 2649 1006 2733 (ε
1030 2650 1074 2729 ΙΙ)
1104 2650 1270 2731 corruptus
1294 2667 1364 2712 6666
1387 2649 1436 2711 61-

285 2752 387 2830 detur,
417 2755 529 2819 deinde
558 2756 654 2820 codex
677 2757 715 2830 Y,
739 2757 775 2820 in
802 2758 910 2841 661616
937 2756 976 2820 ed
1003 2754 1317 2820 machometem
1344 2755 1436 2820 solus

285 2865 407 2924 rectum
424 2862 593 2926 uerborum
614 2863 755 2927 ordinem
775 2864 925 2928 seruauit.
946 2863 1018 2943 Qua
1035 2861 1268 2944 comparatione
1286 2860 1438 2925 institute

287 2966 382 3030 etiam
416 2968 562 3033 codicum
594 2969 623 3034 Y
651 2973 683 3035 et
710 2971 735 3034 P
767 2972 964 3054 praestantia
995 2970 1114 3053 optime
1146 2969 1312 3045 minuitur,
1343 2969 1437 3032 uelut

288 3073 364 3152 280,
391 3077 406 3138 1
432 3075 462 3140 Y
486 3076 574 3142 solus
598 3079 726 3143 exhibet
748 3083 890 3155 6616166·
913 3077 998 3142 hand
1021 3077 1087 3142 scio
1112 3096 1150 3141 66
1169 3077 1266 3141 etiam
1285 3077 1361 3152 280,
1383 3078 1435 3152 11,

288 3179 343 3243 ruhi
366 3180 395 3245 Y
418 3182 527 3247 hahet:
553 3189 582 3248 et
605 3185 751 3264 66666616
776 3187 919 3250 anamma
946 3188 1124 3264 tempestate
1148 3183 1186 3264 fit
1207 3183 1294 3246 16166
1316 3182 1437 3245 tulissi-

287 3292 494 3368 6666661166
522 3289 637 3354 collato
666 3291 782 3374 Heges.
810 3311 841 3373 p.
870 3291 947 3369 266,
975 3289 1162 3372 4811666
1191 3289 1289 3353 66116
1313 3291 1436 3353 textum

288 3393 502 3475 recipiendum
534 3397 639 3462 fuerit.
675 3399 750 3473 240,
777 3400 817 3462 14
850 3417 986 3462 caenum
1008 3397 1090 3467 Yssr.
1123 3416 1236 3459 eccum
1262 3395 1327 3471 PZ3
1359 3397 1436 3473 268,

291 3502 330 3563 13
359 3501 439 3565 Inde
466 3524 583 3585 666666
610 3505 693 3582 YBr,
729 3503 815 3570 Unde
843 3527 961 3586 666666
984 3505 1050 3581 ΡΖ;
1078 3506 1154 3582 269,
1178 3507 1198 3568 5
1223 3505 1341 3567 corbitae
1363 3504 1438 3568 YBr

289 3605 414 3690 (omisit
436 3611 500 3696 PZ)
524 3612 642 3677 codicis
662 3613 690 3677 Y
713 3612 809 3677 lectio
834 3613 970 3677 fontium
994 3613 1183 3676 auctoritate
1207 3612 1343 3695 genuina
1365 3629 1437 3675 6666

290 3716 503 3794 conuincitur;
537 3738 632 3783 uersa
663 3719 734 3783 uice
768 3721 843 3794 247,
872 3721 892 3782 4
926 3720 956 3782 16
990 3719 1098 3784 codice
1125 3719 1151 3782 P
1182 3721 1267 3782 recte
1299 3717 1439 3782 traditur

288 3820 400 3884 6616616Ι
422 3825 478 3887 deo
494 3824 641 3905 pulueris
665 3845 735 3890 eum
761 3827 859 3890 ceteri
882 3825 995 3910 6616611
1017 3847 1037 3888 6
1060 3826 1115 3890 deo
1138 3825 1314 3889 exhibeant.

335 3929 408 3994 Mea
435 3932 574 3998 recensio
604 3933 735 3997 editioni
763 3933 942 3999 Mabillouii
968 3934 1071 3997 multo
1100 3933 1233 3998 similior
1260 3935 1310 3996 est
1340 3951 1436 4015 quam

289 4035 507 4114 Toblerianae3
537 4058 573 4104 eo
601 4040 808 4121 potissimum
835 4043 940 4106 textus
969 4060 987 4104 a
1014 4058 1064 4104 mc
1092 4039 1288 4104 constitutus
1318 4041 1437 4105 abillo

290 4141 457 4227 discrepet,
487 4146 572 4228 quod
599 4146 730 4210 lacunae
758 4146 877 4213 codicis
901 4147 927 4211 P
951 4167 968 4212 e
992 4146 1102 4212 codice
1130 4146 1274 4211 eiusdem
1297 4147 1437 4211 familiae

290 4252 322 4313 et
349 4249 502 4317 honitatis
532 4254 671 4334 expletae
701 4257 776 4319 sunt
804 4260 836 4318 et
864 4254 948 4337 quod
976 4254 1117 4318 fontibus
1144 4253 1347 4339 inuestigatis
1374 4273 1437 4319 non

289 4375 408 4438 paucae
440 4358 646 4424 difficultates
680 4360 897 4444 expediuntur.
932 4360 1166 4446 orthographia
1197 4360 1341 4426 codicum
1376 4381 1436 4427 non
