3125 4942
261 457 325 519 238
558 453 714 509 Itinera
741 455 1112 526 Hierosolymitana

260 649 344 730 quod
364 649 495 715 nuncin
517 650 589 714 sinu
609 651 765 727 contineo,
786 651 949 716 sudarium
966 651 999 715 in
1018 652 1186 735 sepulchro
1205 673 1302 718 snum
1315 672 1411 737 super

260 758 356 838 ceput
383 756 497 821 habuit
517 757 670 840 positum,
694 757 776 824 inter
798 777 858 823 uos
883 757 921 823 de
944 759 1006 822 hoc
1028 759 1139 824 eodem
1161 760 1258 825 linteo
1282 764 1412 826 conten·

261 862 371 928 dentes
390 883 445 946 per
467 863 626 929 flammam
645 864 765 930 iudicet
783 865 879 949 ignis,
899 869 936 929 ut
954 865 1104 944 sciemus,
1124 865 1176 931 cui
1193 867 1278 950 perti
1295 867 1410 932 horum

260 969 357 1034 duum
391 970 585 1036 exercituum
614 971 885 1037 contentiosorum
912 972 973 1037 hoc
1000 972 1064 1036 tale
1093 972 1210 1038 donum
1234 973 1411 1040 condonare

260 1075 427 1162 dignetur‘.
470 1077 510 1142 Et
537 1077 614 1143 haec
643 1077 750 1144 dicens
779 1098 905 1144 sacrum
928 1079 1057 1144 Domini
1085 1079 1247 1144 sudarium
1276 1080 1412 1163 proiecit
1440 1093 1452 1133 ⁸

257 1181 289 1246 in
314 1183 466 1248 flammas.
506 1181 599 1263 Quod
621 1183 708 1249 nullo
731 1183 827 1250 modo
850 1183 936 1269 ignis
958 1188 1088 1269 tangere
1110 1185 1227 1270 potuit,
1251 1186 1308 1252 sed
1330 1188 1410 1252 inte·

259 1307 351 1372 grum
379 1293 411 1354 et
437 1291 596 1355 incolume
624 1290 766 1374 derogo
796 1310 929 1377 surgons
962 1292 1054 1374 qnasi
1085 1293 1155 1358 auis
1179 1293 1325 1376 expansis
1349 1293 1409 1358 alis

259 1395 365 1476 coepit
393 1396 426 1460 in
460 1395 596 1461 sublime
628 1397 735 1462 uolare
767 1399 801 1462 et
831 1402 983 1480 utrasque
1017 1396 1206 1464 dissidentes
1237 1402 1346 1465 contre
1375 1419 1410 1464 se

257 1501 369 1585 populi
395 1506 500 1585 partes
529 1506 561 1567 ct
588 1503 679 1587 quasi
707 1503 738 1568 in
766 1504 932 1587 procinctu
960 1503 1037 1569 belli
1065 1507 1226 1570 consertas
1259 1506 1408 1571 sedentes

258 1607 342 1672 acies
362 1607 400 1672 de
420 1609 554 1674 summis
572 1609 767 1693 prospiciens
787 1609 865 1675 dues
884 1610 915 1674 in
935 1629 1036 1675 uacuo
1057 1630 1127 1676 aere
1150 1631 1206 1694 per
1226 1612 1408 1694 aliquorum
1428 1628 1451 1666 ¹⁰

258 1714 460 1780 interuallum
485 1719 719 1781 momentorum
743 1717 986 1795 circumuolons
1014 1717 1145 1800 proinde
1172 1717 1328 1801 paulatim
1356 1719 1410 1782 de

258 1822 421 1900 scendens,
454 1821 511 1887 deo
545 1823 738 1907 gubernante
771 1823 811 1887 ad
842 1827 963 1906 partem
997 1822 1248 1888 Christianorum
1280 1824 1410 1890 interim

259 1928 420 1995 Christum
436 1929 574 1994 iudicem
590 1929 784 1994 exorantium
804 1929 964 1995 declinans
982 1929 1015 1994 in
1034 1949 1143 1996 eorum
1162 1931 1234 1995 sinu
1254 1931 1408 1997 consedit.

259 2032 321 2114 Qui
349 2035 406 2101 deo
435 2036 554 2120 gratias
580 2035 697 2100 leuatis
726 2036 764 2100 ad
793 2036 918 2101 caelum
941 2035 1088 2102 manibus
1111 2041 1242 2120 egentes
1264 2057 1338 2103 oum
1362 2039 1409 2104 in·

259 2142 346 2226 genti
372 2142 543 2208 laetatione
570 2141 823 2226 ingeniculantes
852 2143 1016 2209 sudarium
1040 2143 1168 2208 Domini
1191 2163 1307 2228 magna
1334 2164 1407 2210 cum
1425 2162 1450 2203 ¹⁵

257 2249 495 2316 honorificentie
522 2249 704 2331 suscipiunt
732 2248 771 2314 ed
800 2269 835 2314 se
863 2249 901 2314 de
929 2250 1018 2315 caelo
1044 2249 1225 2314 uenerabile
1252 2249 1405 2316 emissum

258 2356 376 2421 donum
406 2355 655 2440 hymnificasque
690 2355 801 2420 laudes
829 2354 956 2422 Christo
988 2356 1058 2421 eius
1090 2356 1235 2422 donatori
1265 2339 1407 2420 referunt

258 2467 291 2529 et
312 2463 343 2527 in
369 2463 483 2528 scrinio
510 2463 662 2528 ecclesiae
686 2462 717 2526 in
738 2463 800 2526 alio
819 2463 1001 2527 inuolutum
1020 2462 1202 2527 linteamine
1220 2462 1405 2528 recondunt

257 2567 349 2649 Quod
381 2573 489 2634 noster
518 2569 616 2634 irater
646 2569 796 2634 Arcullus
828 2569 890 2633 alia
928 2567 978 2632 die
1016 2568 1054 2634 de
1091 2569 1207 2634 scrinio
1243 2569 1404 2633 elenatum

255 2676 339 2740 uidit
366 2679 399 2742 et
425 2677 506 2742 inter
538 2675 648 2760 populi
680 2675 919 2741 multitudinem
951 2675 1033 2740 illud
1064 2675 1239 2740 osculantis
1272 2679 1305 2739 et
1336 2675 1405 2760 ipse
1422 2693 1468 2732 2⁰-

257 2781 420 2848 osculatus
453 2787 501 2847 est
534 2782 566 2847 in
599 2781 752 2847 ecelesiae
786 2785 954 2859 conuentu,
983 2801 1161 2846 mensuram
1193 2781 1404 2866 longitudinis

257 2889 347 2970 quasi
371 2891 500 2955 octenos
525 2889 643 2954 habens
666 2888 774 2972 pedes.
799 2887 846 2952 De
871 2907 932 2970 quo
956 2888 1034 2954 haec
1057 2889 1143 2953 dicte
1165 2888 1337 2955 sufficiant.

293 3126 306 3178 1
327 3125 354 3178 in
375 3124 463 3178 sinum
482 3127 563 3178 teneo
582 3124 626 3177 Br
702 3125 833 3178 conteneo
852 3124 879 3177 P
897 3079 1027 3188 conte¹neo
1048 3140 1116 3178 corr.
1129 3125 1157 3177 Z
1227 3139 1308 3193 snper
1321 3125 1405 3193 capnt

256 3229 332 3266 suum
355 3214 384 3268 Y
442 3212 565 3283 2capud
584 3213 652 3267 PBr
720 3212 871 3267 eduorum
895 3211 923 3268 Y
993 3211 1215 3266 contendentium
1237 3211 1267 3266 Y
1335 3211 1403 3282 tale]

255 3303 350 3356 tollere
373 3303 402 3356 Y
476 3303 580 3357 tenori
599 3301 702 3356 domini
720 3304 748 3356 Z
819 3301 988 3356 dilemmam
1012 3302 1041 3355 Υ
1119 3301 1287 3355 lincolome
1305 3301 1405 3355 PYBr

256 3391 393 3460 exspensis
413 3389 440 3442 P
492 3389 657 3458 8utrosque
675 3390 718 3442 Br
790 3388 947 3443 desidentes
964 3389 1025 3443 ΡΥ
1080 3388 1220 3459 9populi]
1237 3389 1343 3458 positas
1361 3390 1404 3443 Br

255 3471 394 3575 procurem
413 3521 481 3561 corr.
502 3508 529 3558 2.
549 3523 583 3560 m.
603 3505 646 3559 Br
733 3505 765 3560 10
784 3505 981 3575 prospicientes
1003 3505 1029 3559 Y
1111 3507 1141 3560 11
1163 3504 1325 3560 discendens
1341 3505 1402 3569 ΡΖ,

254 3610 323 3650 corr.
341 3593 608 3648 indescendeusBr
652 3595 685 3648 12
704 3593 738 3648 ad
757 3594 872 3664 partem]
893 3599 922 3647 et
938 3597 1016 3663 patre
1034 3594 1064 3648 Y
1104 3595 1137 3648 13
1151 3593 1253 3648 christo
1267 3591 1358 3648 indice
1376 3593 1405 3647 Y

255 3709 378 3764 consedit
397 3710 457 3764 sinu
477 3711 520 3763 Br
644 3675 702 3775 sine
721 3726 791 3764 corr.
811 3710 904 3764 codem
923 3727 957 3764 m.
976 3711 1004 3763 Z
1107 3711 1139 3763 15
1157 3709 1352 3763 laetificatione
1376 3708 1404 3763 Y

227 3797 346 3892 ‘leticia
364 3800 389 3852 Z
443 3799 629 3868 geniculantes
653 3799 682 3852 Y
730 3800 763 3853 16
783 3800 896 3854 emisam
916 3799 943 3852 P
990 3799 1023 3852 17
1040 3798 1253 3868 ymnificansqne
1271 3797 1299 3851 P
1313 3798 1400 3866 ymni·

253 3915 371 3984 ficesqne
394 3915 422 3970 Ζ
437 3879 642 3984 ὴίῐυιιίθοέεᾳυε
662 3931 732 3970 corr.
756 3919 783 3971 2.
803 3933 837 3970 m.
856 3915 899 3968 Br
998 3914 1086 3968 datori
1109 3913 1138 3968 Y
1228 3913 1357 3968 refletunt
1374 3913 1401 3965 P

256 4004 406 4058 191111οΡ
477 4003 512 4056 22
531 4009 642 4057 octenos
660 4003 688 4057 P
705 4007 817 4058 octonos
840 4003 908 4057 YBr
989 4003 1095 4057 cubitos
1113 4001 1217 4056 habens
1236 4003 1263 4056 Z
1332 4002 1398 4056 haec

253 4093 293 4146 ita
311 4093 340 4146 Y
391 4093 531 4147 sufficiunt
548 4092 576 4145 P
