3125 4942
606 493 854 550 adamnanus
1238 497 1304 562 293

146 688 272 766 incitat
306 689 361 770 qui
393 689 484 771 quasi
515 689 628 754 infixus
660 689 692 753 in
728 688 839 754 eodem
871 689 978 754 stabat
1008 689 1085 758 loco
1112 708 1169 754 nec
1207 689 1303 754 otiam

150 814 250 859 unum
263 795 388 878 poterat
401 813 529 858 mouere
544 793 669 877 pedem.
685 792 769 872 Quid
782 796 895 877 plura?
908 794 989 859 Post
1002 814 1120 877 equum
1135 813 1304 860 ascensum

151 901 396 981 discursumque
415 920 470 982 par
488 903 624 983 quatuor
640 901 782 984 singulas
803 901 892 966 uicos
910 901 1030 966 intrans
1050 900 1179 966 domum
1193 901 1303 966 decom

149 1027 261 1073 secum
280 1005 399 1072 solidos
419 1007 563 1074 adferens
583 1012 615 1073 ot
633 1007 673 1072 ad
690 1007 876 1073 inmobilem
889 1027 1038 1073 reuersus
1052 1027 1170 1090 equum
1185 1009 1302 1073 iterum

118 1115 181 1180 ain
206 1114 337 1178 domum
359 1133 523 1197 regressus
546 1115 609 1178 huc
632 1118 726 1197 atquo
750 1115 829 1179 illuc
852 1115 998 1180 currebat
1020 1118 1053 1179 et
1074 1114 1196 1180 tamdiu
1214 1114 1303 1179 illius

149 1223 245 1304 ippus
274 1221 595 1304 uulla'inatigationo
622 1221 779 1286 remoueri
802 1226 937 1304 poterat,
961 1240 1127 1304 usquequo
1151 1240 1302 1286 numerus

148 1328 325 1393 solidorum
348 1328 403 1393 LX
427 1326 643 1410 adinploretur
667 1332 941 1412 congregatorum.
965 1327 1045 1392 'lum
1070 1327 1183 1393 deinde
1206 1346 1302 1410 supra

149 1441 435 1502 commemoratum
457 1438 604 1518 repetens
628 1453 808 1500 sennonem
827 1435 866 1499 de
885 1435 987 1500 sancti
1006 1434 1196 1500 confessoris
1216 1454 1302 1498 man·

150 1545 243 1606 sueta
269 1543 468 1608 humanitate
497 1545 529 1606 et
555 1545 626 1606 tuta
652 1542 684 1605 in
713 1542 912 1624 expeditione
941 1541 1088 1606 custodia
1115 1541 1208 1605 etde
1232 1541 1301 1606 eius

107 1675 131 1714 ro
149 1649 242 1732 quasi
266 1649 383 1714 duritia
405 1649 459 1712 uol
486 1648 581 1714 etiam
606 1648 637 1711 iu
662 1648 860 1712 commerciis
884 1648 1018 1712 auaritia
1041 1666 1301 1725 commemorans,

148 1773 228 1835 quae
256 1755 334 1818 talia
361 1755 468 1832 uerba,
493 1757 530 1818 ut
552 1753 661 1832 fertur,
685 1773 741 1837 per
764 1754 964 1837 quaternales
988 1752 1131 1837 singulas
1155 1753 1243 1818 uices
1267 1753 1299 1817 in
1399 1843 1402 1848 ‚

145 1860 279 1926 ilomum
307 1880 453 1946 reuersus
481 1862 653 1944 repetebat,
691 1860 729 1926 ad
757 1861 907 1924 ultimum
936 1860 996 1924 hoo
1023 1860 1118 1925 modo
1152 1863 1299 1924 sanctum

147 1967 331 2051 adloquitur
350 1966 523 2053 Georgium
547 1968 668 2032 dicens:
693 1965 819 2032 ‘Sancte
843 1966 1014 2046 confessor,
1032 1985 1117 2031 nunc
1135 1970 1224 2031 tuam
1242 1987 1300 2050 pro

147 2080 234 2140 certo
251 2093 408 2159 cognosco
425 2076 634 2140 uoluntatem.
658 2075 727 2139 Hoc
742 2074 850 2156 itaque
864 2073 952 2137 iuxta
964 2073 1008 2152 id,
1023 2073 1108 2156 quod
1128 2073 1299 2151 desideras,

106 2209 129 2245 o
146 2184 253 2246 totum
282 2181 350 2246 auri
377 2182 512 2264 pondus,
541 2181 694 2246 uidelicet
720 2181 776 2246 LX
805 2180 935 2256 solidos,
959 2178 1020 2245 tibi
1046 2200 1163 2244 munus
1192 2179 1298 2257 offero,

145 2287 259 2370 ippum
284 2307 409 2370 quoquo
433 2287 550 2367 meum',
576 2307 669 2369 quem
693 2287 753 2350 tibi
775 2287 864 2368 prius
888 2287 1094 2369 promiseram
1117 2291 1192 2370 post
1210 2305 1299 2369 erpe-

145 2393 299 2458 ditionom
316 2393 565 2470 condonandum,
580 2413 662 2458 nunc
677 2393 746 2471 tibi,
756 2393 834 2457 licet
851 2393 1071 2458 inuisibilibus
1086 2392 1298 2476 alligamentis

145 2499 357 2577 uinculatum,
386 2499 539 2576 condono,
573 2500 628 2564 sed
661 2517 743 2574 mox,
776 2501 814 2564 ut
845 2498 949 2578 credo,
981 2499 1206 2563 resoluendum
1242 2518 1299 2582 per

144 2612 237 2669 trram
260 2605 293 2669 in
317 2605 374 2671 deo
397 2605 687 2670 honorificentiam?
708 2604 778 2670 Hoc
797 2605 965 2670 terminato
986 2623 1128 2669 sermone
1150 2623 1298 2689 egressus

102 2742 127 2780 ao
145 2711 279 2776 domum
295 2711 404 2777 eodem
419 2712 513 2776 horae
530 2717 692 2776 momento
711 2711 896 2777 absolutum
915 2713 1054 2794 repperit
1066 2711 1188 2794 ippum,
1203 2731 1298 2794 quem

181 3039 194 3090 l
217 3035 265 3106 qui
284 3051 344 3098 om..
362 3035 411 3090 sed
428 3039 455 3089 2.
475 3053 509 3089 m.
527 3037 719 3105 superamapait
735 3036 779 3090 Br
865 3035 943 3104 quasi
963 3033 1069 3104 quibus,
1089 3033 1177 3086 deleto
1196 3031 1295 3101 quibus

143 3125 188 3178 Br
262 3123 403 3193 2pedem
421 3123 529 3192 poterat
546 3121 767 3192 mouerepedem
787 3121 874 3175 deleto
887 3122 984 3190 priore
1001 3120 1097 3190 pedem
1117 3120 1160 3174 Br
1249 3121 1296 3189 qui

143 3213 223 3282 plura
243 3210 272 3264 Y
321 3212 394 3281 post]
410 3211 561 3281 propterZ
615 3211 678 3279 equi
694 3207 722 3264 Y
765 3208 960 3265 ‘a'descensum
980 3208 1010 3262 Y
1053 3208 1083 3261 in
1103 3207 1212 3262 domum
1227 3209 1296 3262 YBr

141 3305 271 3358 «laecum
291 3301 314 3354 X
334 3300 377 3353 Br
439 3299 473 3353 ad
493 3317 543 3355 om.
564 3300 592 3353 Y
653 3317 768 3368 aequum
788 3315 857 3357 corr.
877 3302 905 3352 2.
924 3315 958 3351 m.
978 3298 1021 3351 Br
1075 3299 1233 3352 5reuersus
1251 3297 1296 3351 Br

141 3391 158 3446 6
173 3391 263 3461 ipsius
275 3389 360 3444 PYZ
372 3405 457 3458 equus
471 3387 514 3442 Br
527 3389 607 3459 ippus
620 3389 720 3457 scripsi
772 3387 849 3441 nulla
862 3404 914 3442 om.
930 3385 961 3441 Y
1011 3387 1164 3456 signatione
1179 3403 1248 3440 corr.
1263 3386 1295 3439 ia

141 3481 270 3550 margine
287 3482 314 3534 2.
333 3495 367 3532 m.
383 3479 426 3532 ΒΓ
498 3495 639 3532 numerum
659 3481 727 3532 coir.
746 3481 768 3533 1.
784 3495 818 3530 m.
833 3477 862 3530 P
932 3478 948 3529 7
968 3475 1048 3529 simul
1067 3479 1293 3546 congregaturum

144 3567 173 3622 Y
173 3569 215 3620 Br
288 3569 525 3620 commemoratum
544 3581 626 3635 supra
644 3565 672 3618 Z
723 3563 1030 3618 8commemoratarnm
1053 3562 1082 3618 Y
1135 3563 1293 3617 9humani-

140 3657 218 3723 tatis,
237 3653 287 3708 seo
304 3670 372 3708 corr.
389 3655 416 3710 Ζ
468 3657 528 3708 tota
547 3669 616 3708 corr.
632 3657 659 3707 2.
674 3671 709 3709 m.
724 3653 767 3707 Br
822 3652 850 3705 in
865 3651 973 3706 om.Br
1028 3652 1062 3705 10
1081 3651 1209 3712 duritiam
1224 3668 1293 3705 corr.

141 3749 218 3800 2.ra.
233 3743 279 3797 Br
335 3743 363 3796 iu
383 3759 433 3797 om.
453 3742 496 3796 Br·
554 3743 709 3796 commercio
728 3741 778 3808 Br,
798 3740 912 3795 corr.Z
972 3756 1237 3809 commemoransque
1250 3740 1294 3795 Br

142 3835 173 3888 ll
203 3849 276 3902 quae
294 3831 346 3885 tali
364 3847 433 3886 corr.
450 3833 482 3884 iu
501 3831 547 3902 qui
566 3831 635 3885 talia
653 3832 681 3885 Z
787 3833 815 3884 et
836 3829 1024 3899 persingulas
1043 3829 1116 3882 uices
1135 3829 1163 3882 iu
1183 3829 1292 3882 domum

140 3921 315 3992 quaternales
334 3920 363 3975 Y
405 3919 472 3990 por]
489 3924 517 3973 et
530 3925 593 3990 post
606 3920 650 3973 Br
698 3921 730 3974 13
750 3919 886 3989 giorgium
901 3919 929 3972 P
981 3905 1051 3985 scae,
1070 3916 1118 3971 aed
1136 3931 1203 3972 com.
1224 3918 1293 3971 ZBr

141 4012 175 4065 14
193 4010 323 4082 iqur
404 4010 436 4063 15
456 4008 579 4062 uidiLll
603 4009 631 4062 Y
717 4007 1076 4080 ollesfrola'tt.rcrasaZ
1151 4008 1183 4060 16
1201 4006 1293 4076 ipsum

140 4115 249 4169 quoque
264 4114 353 4152 meum
368 4114 466 4166 equum
476 4097 529 4150 ΡΖ
537 4103 562 4152 et
575 4099 675 4152 orruisse
691 4113 789 4167 equum
803 4097 833 4151 Y
842 4097 936 4166 ippum
949 4103 1020 4150 recte
1032 4095 1123 4149 coliem
1132 4095 1175 4148 Br
1230 4111 1291 4164 pro-

139 4190 292 4260 miljreram
310 4203 371 4240 ona
390 4186 408 4242 l.
428 4204 440 4240 s
460 4203 542 4241 croac
560 4187 587 4242 Z
654 4187 839 4244 commiseram
857 4185 932 4255 prius
950 4185 994 4239 Br
1046 4184 1119 4254 post]
1139 4187 1248 4254 propter
1266 4183 1294 4237 Z

142 4305 174 4358 18
193 4259 263 4358 otilo
281 4303 325 4356 Br
398 4303 430 4356 19
449 4303 478 4356 in
497 4320 547 4357 om.
567 4303 621 4357 PZ
709 4301 945 4356 honorificentiam
964 4300 1040 4362 PBr,
1061 4316 1129 4354 corr.
1149 4303 1177 4354 2.
1195 4317 1230 4366 m.
1250 4300 1293 4353 Br

139 4391 284 4462 egrediens
307 4390 337 4446 Y
387 4393 422 4446 20
441 4392 553 4462 reperiit
571 4392 613 4444 Br
684 4391 773 4462 ipsum
792 4391 883 4454 PYZ,
902 4390 995 4460 ippum
1012 4387 1181 4444 solummodo
1199 4388 1243 4442 Br
