3125 4942
513 413 538 465 S.
569 411 726 465 Siluiae
754 411 1035 480 peregrinatio
1300 413 1343 474 55

191 607 388 672 accessimus
410 608 442 670 et
462 610 607 671 ostensae
628 608 703 669 sunt
720 604 813 670 nobis
831 604 905 670 inde
924 625 943 670 a
961 608 1070 670 contra
1083 604 1164 669 duae
1182 605 1342 679 ciuitates,

190 714 225 777 id
248 717 299 777 cst
321 712 459 790 Esebon,
489 730 569 794 quae
593 711 655 775 fuit
677 698 761 795 re'gis
786 709 869 777 Seon
892 710 978 796 regis
1000 714 1234 791 amorreorum,
1263 731 1343 794 quae

190 840 274 885 nunc
303 819 482 903 appellatur
509 818 645 897 Erebon,
675 822 707 884 et
736 818 800 883 alia
827 817 877 901 Og
903 818 988 901 regis
1011 820 1126 897 Basan,
1155 838 1233 902 quae
1262 838 1344 883 nunc

192 926 310 991 dicitur
329 925 456 991 Sasdra.
481 926 562 989 ltem
588 924 625 989 de
645 924 756 989 eodem
778 926 848 989 loco
868 928 997 989 ostensa
1016 928 1066 990 est
1087 926 1179 991 nobis
1200 931 1345 991 econtra

158 1033 306 1117 aFogor,
337 1052 416 1116 quae
445 1031 507 1096 fuit
527 1031 531 1115 l
554 1031 667 1097 ciuitas
695 1031 785 1115 regni
812 1032 923 1096 Edom.
961 1032 1030 1096 Hae
1058 1036 1166 1096 autem
1194 1032 1342 1097 ciuitates
1376 1022 1485 1112 9[44]

192 1158 314 1217 omnes,
334 1158 413 1221 quas
429 1138 629 1213 uidebamus,
648 1138 679 1202 in
700 1138 864 1202 montibus
880 1141 968 1203 erant
985 1138 1119 1221 positae,
1137 1138 1217 1203 infra
1236 1142 1342 1202 autem

193 1246 319 1311 modice
344 1244 492 1309 deorsum
519 1244 643 1328 planior
665 1245 756 1309 locus
780 1244 871 1309 nobis
894 1244 1072 1310 uidebatur.
1110 1245 1198 1310 Tunc
1221 1244 1342 1310 dictum

191 1356 242 1417 est
264 1354 369 1430 nobis,
393 1353 467 1434 quia
490 1351 521 1416 in
545 1350 648 1416 isdem
673 1350 796 1428 diebus,
821 1371 883 1434 qua
906 1356 1035 1415 sanctus
1058 1352 1186 1434 Moyses
1210 1352 1263 1417 uel
1285 1351 1342 1417 filii

189 1459 314 1525 Israhel
337 1462 446 1525 contra
473 1459 546 1523 illas
570 1458 719 1523 ciuitates
746 1460 975 1541 pugnauerant,
1000 1462 1103 1523 castra
1129 1458 1175 1523 ibi
1202 1458 1262 1523 lira
1288 1460 1342 1524 ha-

144 1594 172 1630 ro
190 1567 351 1631 buissent:
383 1584 455 1630 nam
485 1568 517 1630 et
548 1565 639 1648 signa
665 1564 712 1628 ibi
739 1564 890 1647 parebant
916 1567 1101 1629 castrorum.
1145 1564 1226 1630 Sane
1253 1564 1395 1642 <de>10

189 1673 248 1737 illa
276 1676 365 1755 parte
392 1672 522 1751 montis,
552 1690 646 1753 qnam
676 1670 739 1735 diri
767 1670 907 1748 sinistra,
937 1689 1016 1753 quae
1045 1676 1112 1737 erat
1138 1691 1234 1753 super
1256 1691 1342 1736 mare

189 1782 366 1856 mortuum,
391 1782 540 1844 ostensus
560 1781 610 1843 est
629 1777 720 1842 nobis
740 1795 830 1841 mons
853 1777 1016 1859 praecisus
1040 1777 1144 1856 ualde,
1164 1780 1218 1861 qui
1237 1779 1342 1843 dictus

191 1890 243 1951 est
275 1890 347 1950 ante
374 1884 593 1969 Agrispecnle.
640 1883 702 1947 Hic
736 1886 787 1947 esi
817 1901 919 1958 mons,
951 1883 983 1948 in
1016 1902 1078 1967 quo
1110 1887 1219 1966 posuit
1245 1886 1342 1951 Balao

190 1992 278 2057 filius
302 1994 386 2056 Beor
407 1991 538 2057 Balaam
563 1990 706 2055 diuinum
731 1990 770 2053 ad
794 1990 1027 2055 maledicendos
1051 1992 1135 2055 filios
1160 1993 1283 2057 Israhel
1310 1998 1343 2057 ct

144 2099 296 2165 151101111Ιὶ
321 2100 407 2163 Deus
435 2100 481 2163 ite
507 2098 699 2180 permittere,
729 2096 814 2161 sicut
842 2096 1079 2179 scriptumest.
1121 2098 1168 2163 Ac
1196 2099 1242 2163 sic
1266 2106 1391 2185 ergoll

190 2206 273 2270 uisis
292 2205 451 2283 omnibns,
476 2224 555 2286 quae
575 2204 844 2282 desiderabamus,
867 2203 902 2267 in
924 2204 1049 2269 nomine
1068 2205 1128 2269 Dei
1145 2209 1341 2271 reuertentes

190 2332 247 2396 per
269 2312 391 2377 Iericho
420 2314 452 2376 et
479 2311 539 2376 iter·
567 2330 668 2386 omne,
697 2310 782 2394 quod
806 2310 976 2389 ineramus,
1004 2310 1140 2394 regressi
1168 2330 1281 2377 sumus
1306 2314 1340 2377 in

189 2419 421 2483 ierosolimam.

235 2526 319 2589 Item
355 2530 429 2608 post
460 2524 658 2606 aliquantum
689 2528 817 2607 tempus
852 2524 940 2588 uolui
973 2522 1067 2587 etiam
1106 2524 1145 2588 ad
1177 2526 1339 2609 regionem
1352 2530 1393 2595 13

140 2660 171 2701 ro
188 2631 372 2696 Ausitidem
402 2631 549 2695 accedere
581 2635 708 2714 propter·
740 2630 905 2695 uisendam
937 2630 1122 2695 memoriam
1156 2633 1256 2696 sancti
1283 2633 1339 2698 Iob

191 2738 295 2822 gratia
313 2736 477 2813 orationis;
502 2739 621 2803 multos
642 2738 723 2801 enim
750 2741 876 2802 sanctos
900 2738 1071 2803 monachos
1096 2739 1245 2803 ridebam
1267 2740 1340 2803 inde

190 2844 356 2909 uenientes
383 2844 415 2907 in
439 2844 657 2909 Ierusolimam
688 2843 727 2908 ad
754 2844 888 2909 uisenda
913 2844 985 2909 loca
1013 2849 1122 2909 sancta
1150 2846 1252 2929 gratia
1274 2864 1340 2910 ora·

189 2951 300 3025 tionis,
325 2950 380 3033 qui
403 2950 529 3035 singula
552 2952 722 3015 relerentes
746 2950 785 3015 de
809 2951 928 3015 eisdem
952 2951 1043 3026 locis,
1072 2951 1216 3016 lecerunt
1237 2954 1339 3036 magis

190 3057 384 3122 desideriam
412 3057 592 3139 imponendi
620 3058 717 3122 michi
745 3056 873 3134 laboris,
901 3060 938 3121 ut
964 3058 1060 3121 etiarn
1088 3077 1190 3141 usqae
1219 3058 1258 3121 ad
1284 3058 1341 3123 illa

140 3194 171 3233 ss
189 3164 262 3229 loca
290 3164 482 3241 accederem,
513 3164 540 3229 si
567 3169 674 3229 tamen
701 3164 791 3229 labor
818 3164 880 3229 dici
908 3167 1026 3247 potest,
1055 3165 1111 3230 ubi
1139 3166 1234 3229 homo
1259 3164 1339 3229 desi·

189 3270 314 3335 derium
344 3289 439 3335 suum
467 3270 619 3353 compleri
648 3270 746 3335 uidet.
792 3270 905 3351 ltaque
934 3290 1007 3355 ergo
1036 3272 1177 3353 prolecta
1206 3290 1277 3336 sum
1301 3272 1339 3338 de
1372 3280 1391 3341 2

189 3376 382 3441 lenrsolima
409 3396 481 3441 cum
510 3376 639 3453 sanctis,
670 3377 724 3459 qui
752 3382 858 3441 tamen
886 3376 1009 3461 dignati
1034 3380 1110 3442 sunt
1136 3377 1240 3442 itineri
1268 3397 1338 3443 meo

190 3484 380 3548 comitatum
410 3486 579 3565 praestare,
609 3486 642 3547 et
668 3483 730 3567 ipsi
758 3486 864 3548 tamen
894 3483 995 3568 gratia
1028 3483 1191 3549 orationis:
1220 3484 1338 3549 habens

281 3778 297 3831 2
318 3779 350 3833 ef.
366 3777 445 3831 Num.
465 3778 508 3839 21.
528 3780 562 3833 26
581 3778 663 3832 Dent.
684 3779 728 3841 29,
748 3780 763 3832 7
851 3780 867 3832 3
887 3778 920 3832 cf.
939 3778 1020 3834 Num.
1040 3780 1083 3842 21,
1103 3780 1136 3833 33
1156 3778 1238 3831 Deut.
1258 3779 1284 3840 3,
1305 3777 1338 3831 10

189 3870 207 3922 5
228 3866 262 3923 cl'.
280 3865 361 3921 Num.
381 3868 424 3929 23,
444 3866 478 3920 '28
497 3866 580 3922 Dent.
599 3869 625 3930 4,
643 3868 678 3921 46
754 3868 786 3921 13
806 3867 838 3920 cf.
859 3866 939 3921 Num.
960 3868 1004 3930 23,
1026 3869 1059 3921 14
1078 3868 1173 3937 (Sept.)
1249 3866 1284 3920 20
1303 3866 1336 3922 cf.

188 3956 248 4009 Iob.
270 3956 293 4019 1,
315 3957 328 4010 1

230 4150 242 4202 1
265 4152 372 4201 ostense
385 4149 413 4201 A
462 4149 480 4200 4
499 4147 590 4202 saldra
608 4148 639 4201 ia
657 4146 747 4201 codice
764 4149 897 4215 scriptam
916 4163 971 4201 esec
989 4147 1116 4216 affirmat
1134 4146 1338 4216 Pomiolowslp

191 4238 226 4293 10
245 4237 278 4291 de
297 4237 355 4307 ipae
374 4236 474 4291 addidi
524 4236 557 4290 13
577 4236 728 4306 agrisccula
741 4238 768 4289 A
821 4237 853 4290 19
869 4236 963 4305 etiam]
983 4236 1015 4290 in
1029 4236 1119 4290 codice
1132 4253 1220 4304 aupra
1235 4235 1337 4289 lincam

189 4334 230 4381 cet
249 4327 319 4395 ecjc;
340 4342 389 4397 cqc
409 4326 472 4396 tepet
493 4326 657 4381 Gomorram
