<?xml version="1.0" encoding="UTF-8"?>
<!DOCTYPE html PUBLIC "-//W3C//DTD XHTML 1.0 Transitional//EN"
    "http://www.w3.org/TR/xhtml1/DTD/xhtml1-transitional.dtd">
<html xmlns="http://www.w3.org/1999/xhtml" xml:lang="en" lang="en">
 <head>
  <title>
</title>
<meta http-equiv="Content-Type" content="text/html;charset=utf-8" />
  <meta name='ocr-system' content='tesseract 3.04.00' />
  <meta name='ocr-capabilities' content='ocr_page ocr_carea ocr_par ocr_line ocrx_word'/>
</head>
<body>
  <div class='ocr_page' id='page_1' title='image "./corpusscriptoru17wissgoog_0110.png"; bbox 0 0 3125 4942; ppageno 0'>
   <div class='ocr_carea' id='block_1_1' title="bbox 248 414 1096 483">
    <p class='ocr_par' dir='ltr' id='par_1_1' title="bbox 248 414 1096 483">
     <span class='ocr_line' id='line_1_1' title="bbox 248 414 1096 483; baseline -0.001 -16"><span class='ocrx_word' id='word_1_1' title='bbox 248 420 289 483; x_wconf 80' lang='lat'><strong>48</strong></span> <span class='ocrx_word' id='word_1_2' title='bbox 542 414 697 469; x_wconf 83' lang='lat' dir='ltr'><strong>Itinera</strong></span> <span class='ocrx_word' id='word_1_3' title='bbox 724 414 1096 483; x_wconf 82' lang='lat' dir='ltr'><strong>Hierosolymihane</strong></span> 
     </span>
    </p>
   </div>
   <div class='ocr_carea' id='block_1_2' title="bbox 134 605 1457 3780">
    <p class='ocr_par' dir='ltr' id='par_1_2' title="bbox 246 605 1396 795">
     <span class='ocr_line' id='line_1_2' title="bbox 249 605 1396 691; baseline 0 -19"><span class='ocrx_word' id='word_1_4' title='bbox 249 610 413 673; x_wconf 79' lang='lat' dir='ltr'><strong>solamen</strong></span> <span class='ocrx_word' id='word_1_5' title='bbox 442 608 512 671; x_wconf 90' lang='lat' dir='ltr'><strong>loco</strong></span> <span class='ocrx_word' id='word_1_6' title='bbox 538 606 592 671; x_wconf 90' lang='lat' dir='ltr'><strong>ubi</strong></span> <span class='ocrx_word' id='word_1_7' title='bbox 616 606 678 671; x_wconf 90' lang='lat' dir='ltr'><strong>iam</strong></span> <span class='ocrx_word' id='word_1_8' title='bbox 707 606 786 671; x_wconf 89' lang='lat' dir='ltr'><strong>fines</strong></span> <span class='ocrx_word' id='word_1_9' title='bbox 809 605 926 691; x_wconf 81' lang='lat' dir='ltr'><strong>Egypbi</strong></span> <span class='ocrx_word' id='word_1_10' title='bbox 953 605 1155 671; x_wconf 83' lang='lat' dir='ltr'><strong>intrauimus.</strong></span> <span class='ocrx_word' id='word_1_11' title='bbox 1184 605 1396 688; x_wconf 82' lang='lat' dir='ltr'>relinquentes</span> 
     </span>
     <span class='ocr_line' id='line_1_3' title="bbox 246 711 1396 795; baseline -0.001 -16"><span class='ocrx_word' id='word_1_12' title='bbox 246 715 310 779; x_wconf 91' lang='lat' dir='ltr'><strong>iam</strong></span> <span class='ocrx_word' id='word_1_13' title='bbox 332 718 431 779; x_wconf 80' lang='lat' dir='ltr'><strong>terras</strong></span> <span class='ocrx_word' id='word_1_14' title='bbox 456 711 695 789; x_wconf 67' lang='lat' dir='ltr'><strong>Saracenorum</strong></span> <span class='ocrx_word' id='word_1_15' title='bbox 721 733 794 777; x_wconf 87' lang='lat' dir='ltr'><strong>nam</strong></span> <span class='ocrx_word' id='word_1_16' title='bbox 819 713 968 795; x_wconf 79' lang='lat' dir='ltr'><strong>etipsud</strong></span> <span class='ocrx_word' id='word_1_17' title='bbox 991 731 1075 777; x_wconf 90' lang='lat' dir='ltr'><strong>nunc</strong></span> <span class='ocrx_word' id='word_1_18' title='bbox 1097 712 1236 777; x_wconf 83' lang='lat' dir='ltr'><strong>Phitoua</strong></span> <span class='ocrx_word' id='word_1_19' title='bbox 1258 717 1396 778; x_wconf 77' lang='lat' dir='ltr'><strong>castrum</strong></span> 
     </span>
    </p>

    <p class='ocr_par' dir='ltr' id='par_1_3' title="bbox 204 819 1444 1430">
     <span class='ocr_line' id='line_1_4' title="bbox 204 819 1397 903; baseline -0.002 -18"><span class='ocrx_word' id='word_1_20' title='bbox 204 820 222 885; x_wconf 86' lang='grc'><strong>7</strong></span> <span class='ocrx_word' id='word_1_21' title='bbox 248 824 306 887; x_wconf 84' lang='lat' dir='ltr'><strong>est.</strong></span> <span class='ocrx_word' id='word_1_22' title='bbox 331 822 473 885; x_wconf 86' lang='lat' dir='ltr'>Heroum</span> <span class='ocrx_word' id='word_1_23' title='bbox 498 822 603 885; x_wconf 79' lang='lat' dir='ltr'><strong>aulem</strong></span> <span class='ocrx_word' id='word_1_24' title='bbox 624 819 751 896; x_wconf 80' lang='lat' dir='ltr'><strong>ciuitas,</strong></span> <span class='ocrx_word' id='word_1_25' title='bbox 776 838 858 903; x_wconf 88' lang='lat' dir='ltr'><strong>quae</strong></span> <span class='ocrx_word' id='word_1_26' title='bbox 881 819 945 883; x_wconf 83' lang='lat' dir='ltr'><strong>ruit</strong></span> <span class='ocrx_word' id='word_1_27' title='bbox 966 819 1022 883; x_wconf 96' lang='lat' dir='ltr'><strong>illo</strong></span> <span class='ocrx_word' id='word_1_28' title='bbox 1041 822 1194 902; x_wconf 79' lang='lat' dir='ltr'><strong>tempore,</strong></span> <span class='ocrx_word' id='word_1_29' title='bbox 1217 819 1321 883; x_wconf 82' lang='lat' dir='ltr'><strong>idest</strong></span> <span class='ocrx_word' id='word_1_30' title='bbox 1342 820 1397 885; x_wconf 90' lang='lat' dir='ltr'><strong>ubi</strong></span> 
     </span>
     <span class='ocr_line' id='line_1_5' title="bbox 248 924 1399 1009; baseline 0 -17"><span class='ocrx_word' id='word_1_31' title='bbox 248 928 385 993; x_wconf 78' lang='lat' dir='ltr'><strong>occurrit</strong></span> <span class='ocrx_word' id='word_1_32' title='bbox 411 926 524 1009; x_wconf 88' lang='lat' dir='ltr'><strong>loseph</strong></span> <span class='ocrx_word' id='word_1_33' title='bbox 555 926 636 1009; x_wconf 78' lang='lat' dir='ltr'><strong>patri</strong></span> <span class='ocrx_word' id='word_1_34' title='bbox 666 945 723 991; x_wconf 88' lang='lat' dir='ltr'><strong>suo</strong></span> <span class='ocrx_word' id='word_1_35' title='bbox 751 926 847 991; x_wconf 85' lang='lat' dir='ltr'>Iacob</span> <span class='ocrx_word' id='word_1_36' title='bbox 875 925 1025 1003; x_wconf 78' lang='lat' dir='ltr'><strong>uenienti,</strong></span> <span class='ocrx_word' id='word_1_37' title='bbox 1054 924 1140 991; x_wconf 83' lang='lat' dir='ltr'><strong>siout</strong></span> <span class='ocrx_word' id='word_1_38' title='bbox 1167 925 1321 1009; x_wconf 80' lang='lat' dir='ltr'><strong>scriptum</strong></span> <span class='ocrx_word' id='word_1_39' title='bbox 1349 930 1399 992; x_wconf 83' lang='lat' dir='ltr'><strong>est</strong></span> 
     </span>
     <span class='ocr_line' id='line_1_6' title="bbox 246 1031 1444 1117; baseline -0.005 -18"><span class='ocrx_word' id='word_1_40' title='bbox 246 1035 278 1099; x_wconf 89' lang='lat' dir='ltr'><strong>in</strong></span> <span class='ocrx_word' id='word_1_41' title='bbox 314 1033 395 1099; x_wconf 91' lang='lat' dir='ltr'><strong>libro</strong></span> <span class='ocrx_word' id='word_1_42' title='bbox 430 1032 576 1109; x_wconf 88' lang='lat' dir='ltr'><strong>Genesis,</strong></span> <span class='ocrx_word' id='word_1_43' title='bbox 613 1052 696 1098; x_wconf 93' lang='lat' dir='ltr'><strong>uuno</strong></span> <span class='ocrx_word' id='word_1_44' title='bbox 734 1036 783 1098; x_wconf 83' lang='lat' dir='ltr'><strong>est</strong></span> <span class='ocrx_word' id='word_1_45' title='bbox 816 1050 916 1108; x_wconf 83' lang='lat' dir='ltr'><strong>come,</strong></span> <span class='ocrx_word' id='word_1_46' title='bbox 954 1031 1011 1097; x_wconf 87' lang='lat' dir='ltr'><strong>sed</strong></span> <span class='ocrx_word' id='word_1_47' title='bbox 1048 1031 1185 1117; x_wconf 87' lang='lat' dir='ltr'><strong>grandis,</strong></span> <span class='ocrx_word' id='word_1_48' title='bbox 1219 1032 1303 1115; x_wconf 90' lang='lat' dir='ltr'><strong>quod</strong></span> <span class='ocrx_word' id='word_1_49' title='bbox 1340 1051 1397 1097; x_wconf 88' lang='lat' dir='ltr'><strong>nos</strong></span> <span class='ocrx_word' id='word_1_50' title='bbox 1431 1058 1444 1092; x_wconf 64' lang='grc' dir='ltr'><strong>,ε</strong></span> 
     </span>
     <span class='ocr_line' id='line_1_7' title="bbox 248 1137 1399 1223; baseline -0.001 -19"><span class='ocrx_word' id='word_1_51' title='bbox 248 1140 383 1205; x_wconf 84' lang='lat' dir='ltr'><strong>dicimus</strong></span> <span class='ocrx_word' id='word_1_52' title='bbox 412 1137 516 1204; x_wconf 89' lang='lat' dir='ltr'><strong>uicus.</strong></span> <span class='ocrx_word' id='word_1_53' title='bbox 548 1138 631 1203; x_wconf 87' lang='lat' dir='ltr'><strong>Nam</strong></span> <span class='ocrx_word' id='word_1_54' title='bbox 659 1138 727 1223; x_wconf 87' lang='lat' dir='ltr'><strong>ipse</strong></span> <span class='ocrx_word' id='word_1_55' title='bbox 757 1138 849 1203; x_wconf 88' lang='lat' dir='ltr'><strong>uicus</strong></span> <span class='ocrx_word' id='word_1_56' title='bbox 874 1137 1043 1202; x_wconf 87' lang='lat' dir='ltr'><strong>ecclesiam</strong></span> <span class='ocrx_word' id='word_1_57' title='bbox 1071 1137 1167 1203; x_wconf 81' lang='lat' dir='ltr'><strong>habet</strong></span> <span class='ocrx_word' id='word_1_58' title='bbox 1189 1141 1222 1203; x_wconf 82' lang='lat' dir='ltr'><strong>eb</strong></span> <span class='ocrx_word' id='word_1_59' title='bbox 1249 1140 1399 1222; x_wconf 77' lang='lat' dir='ltr'><strong>martyria</strong></span> 
     </span>
     <span class='ocr_line' id='line_1_8' title="bbox 248 1244 1399 1329; baseline -0.002 -17"><span class='ocrx_word' id='word_1_60' title='bbox 248 1251 281 1312; x_wconf 84' lang='lat' dir='ltr'><strong>et</strong></span> <span class='ocrx_word' id='word_1_61' title='bbox 298 1244 489 1311; x_wconf 81' lang='lat' dir='ltr'><strong>monasteria</strong></span> <span class='ocrx_word' id='word_1_62' title='bbox 506 1244 642 1328; x_wconf 86' lang='lat' dir='ltr'><strong>plurima</strong></span> <span class='ocrx_word' id='word_1_63' title='bbox 663 1247 843 1309; x_wconf 85' lang='lat' dir='ltr'><strong>sanctorum</strong></span> <span class='ocrx_word' id='word_1_64' title='bbox 863 1246 1099 1321; x_wconf 83' lang='lat' dir='ltr'><strong>monachorum,</strong></span> <span class='ocrx_word' id='word_1_65' title='bbox 1119 1245 1254 1329; x_wconf 84' lang='lat' dir='ltr'><strong>adquae</strong></span> <span class='ocrx_word' id='word_1_66' title='bbox 1273 1246 1399 1329; x_wconf 84' lang='lat' dir='ltr'><strong>singula</strong></span> 
     </span>
     <span class='ocr_line' id='line_1_9' title="bbox 247 1347 1398 1430; baseline -0.001 -12"><span class='ocrx_word' id='word_1_67' title='bbox 247 1352 383 1419; x_wconf 88' lang='lat' dir='ltr'><strong>uidenda</strong></span> <span class='ocrx_word' id='word_1_68' title='bbox 410 1369 540 1417; x_wconf 87' lang='lat' dir='ltr'><strong>necesse</strong></span> <span class='ocrx_word' id='word_1_69' title='bbox 564 1369 620 1415; x_wconf 90' lang='lat' dir='ltr'><strong>nos</strong></span> <span class='ocrx_word' id='word_1_70' title='bbox 644 1350 707 1415; x_wconf 78' lang='lat' dir='ltr'><strong>fuit</strong></span> <span class='ocrx_word' id='word_1_71' title='bbox 733 1350 778 1415; x_wconf 91' lang='lat' dir='ltr'><strong>ibi</strong></span> <span class='ocrx_word' id='word_1_72' title='bbox 802 1350 992 1415; x_wconf 86' lang='lat' dir='ltr'><strong>descendere</strong></span> <span class='ocrx_word' id='word_1_73' title='bbox 1015 1351 1103 1416; x_wconf 79' lang='lat' dir='ltr'><strong>iustu</strong></span> <span class='ocrx_word' id='word_1_74' title='bbox 1125 1347 1398 1430; x_wconf 77' lang='lat' dir='ltr'><strong>consuetudinem,</strong></span> 
     </span>
    </p>

    <p class='ocr_par' dir='ltr' id='par_1_4' title="bbox 205 1457 1399 1544">
     <span class='ocr_line' id='line_1_10' title="bbox 205 1457 1399 1544; baseline 0 -19"><span class='ocrx_word' id='word_1_75' title='bbox 205 1461 224 1524; x_wconf 92' lang='lat'>8</span> <span class='ocrx_word' id='word_1_76' title='bbox 249 1480 344 1544; x_wconf 92' lang='lat' dir='ltr'><strong>quam</strong></span> <span class='ocrx_word' id='word_1_77' title='bbox 368 1459 563 1524; x_wconf 76' lang='lat' dir='ltr'><strong>tenebamus,</strong></span> <span class='ocrx_word' id='word_1_78' title='bbox 587 1457 670 1521; x_wconf 87' lang='lat' dir='ltr'><strong>Nam</strong></span> <span class='ocrx_word' id='word_1_79' title='bbox 692 1458 761 1539; x_wconf 88' lang='lat' dir='ltr'><strong>ipse</strong></span> <span class='ocrx_word' id='word_1_80' title='bbox 781 1457 873 1522; x_wconf 88' lang='lat' dir='ltr'><strong>uicus</strong></span> <span class='ocrx_word' id='word_1_81' title='bbox 897 1477 980 1522; x_wconf 90' lang='lat' dir='ltr'><strong>nuno</strong></span> <span class='ocrx_word' id='word_1_82' title='bbox 1004 1458 1182 1542; x_wconf 81' lang='lat' dir='ltr'><strong>appellatur</strong></span> <span class='ocrx_word' id='word_1_83' title='bbox 1199 1458 1295 1537; x_wconf 79' lang='lat' dir='ltr'><strong>Hero,</strong></span> <span class='ocrx_word' id='word_1_84' title='bbox 1319 1478 1399 1542; x_wconf 89' lang='lat' dir='ltr'><strong>quae</strong></span> 
     </span>
    </p>

    <p class='ocr_par' dir='ltr' id='par_1_5' title="bbox 134 1562 1448 1755">
     <span class='ocr_line' id='line_1_11' title="bbox 134 1562 1448 1661; baseline -0.004 -30"><span class='ocrx_word' id='word_1_85' title='bbox 134 1568 202 1661; x_wconf 87' lang='lat'>[39]</span> <span class='ocrx_word' id='word_1_86' title='bbox 250 1569 354 1631; x_wconf 84' lang='lat' dir='ltr'><strong>tamen</strong></span> <span class='ocrx_word' id='word_1_87' title='bbox 382 1565 466 1629; x_wconf 87' lang='lat' dir='ltr'><strong>Hero</strong></span> <span class='ocrx_word' id='word_1_88' title='bbox 488 1562 532 1649; x_wconf 76' lang='lat' dir='ltr'><strong>{a</strong></span> <span class='ocrx_word' id='word_1_89' title='bbox 563 1567 646 1629; x_wconf 81' lang='lat' dir='ltr'><strong>terra</strong></span> <span class='ocrx_word' id='word_1_90' title='bbox 678 1564 765 1628; x_wconf 90' lang='lat' dir='ltr'><strong>lesse</strong></span> <span class='ocrx_word' id='word_1_91' title='bbox 799 1562 934 1628; x_wconf 89' lang='lat' dir='ltr'><strong>miliario</strong></span> <span class='ocrx_word' id='word_1_92' title='bbox 967 1564 1030 1628; x_wconf 89' lang='lat' dir='ltr'><strong>iam</strong></span> <span class='ocrx_word' id='word_1_93' title='bbox 1063 1568 1150 1629; x_wconf 81' lang='lat' dir='ltr'><strong>serbo</strong></span> <span class='ocrx_word' id='word_1_94' title='bbox 1183 1564 1306 1631; x_wconf 91' lang='lat' dir='ltr'><strong>decimo</strong></span> <span class='ocrx_word' id='word_1_95' title='bbox 1339 1570 1399 1642; x_wconf 84' lang='lat' dir='ltr'><strong>est,</strong></span> <span class='ocrx_word' id='word_1_96' title='bbox 1421 1588 1448 1627; x_wconf 82' lang='lat' dir='ltr'><strong>lo</strong></span> 
     </span>
     <span class='ocr_line' id='line_1_12' title="bbox 249 1669 1400 1755; baseline 0 -18"><span class='ocrx_word' id='word_1_97' title='bbox 249 1692 321 1737; x_wconf 91' lang='lat' dir='ltr'><strong>nam</strong></span> <span class='ocrx_word' id='word_1_98' title='bbox 352 1672 386 1737; x_wconf 91' lang='lat' dir='ltr'><strong>in</strong></span> <span class='ocrx_word' id='word_1_99' title='bbox 419 1669 535 1735; x_wconf 87' lang='lat' dir='ltr'><strong>finibus</strong></span> <span class='ocrx_word' id='word_1_100' title='bbox 569 1670 685 1753; x_wconf 79' lang='lat' dir='ltr'><strong>Egyphi</strong></span> <span class='ocrx_word' id='word_1_101' title='bbox 719 1672 780 1745; x_wconf 80' lang='lat' dir='ltr'><strong>esb;</strong></span> <span class='ocrx_word' id='word_1_102' title='bbox 815 1670 906 1735; x_wconf 88' lang='lat' dir='ltr'><strong>locus</strong></span> <span class='ocrx_word' id='word_1_103' title='bbox 939 1673 1046 1735; x_wconf 77' lang='lat' dir='ltr'><strong>autem</strong></span> <span class='ocrx_word' id='word_1_104' title='bbox 1077 1672 1146 1753; x_wconf 89' lang='lat' dir='ltr'><strong>ipse</strong></span> <span class='ocrx_word' id='word_1_105' title='bbox 1178 1672 1258 1737; x_wconf 76' lang='lat' dir='ltr'><strong>sabis</strong></span> <span class='ocrx_word' id='word_1_106' title='bbox 1289 1677 1400 1755; x_wconf 85' lang='lat' dir='ltr'><strong>gratus</strong></span> 
     </span>
    </p>

    <p class='ocr_par' dir='ltr' id='par_1_6' title="bbox 205 1775 1451 2379">
     <span class='ocr_line' id='line_1_13' title="bbox 205 1775 1399 1864; baseline -0.003 -17"><span class='ocrx_word' id='word_1_107' title='bbox 205 1782 224 1847; x_wconf 88' lang='lat'><strong>9</strong></span> <span class='ocrx_word' id='word_1_108' title='bbox 250 1783 309 1859; x_wconf 82' lang='lat' dir='ltr'><strong>osb,</strong></span> <span class='ocrx_word' id='word_1_109' title='bbox 333 1798 405 1843; x_wconf 91' lang='lat' dir='ltr'><strong>nam</strong></span> <span class='ocrx_word' id='word_1_110' title='bbox 426 1781 458 1843; x_wconf 80' lang='lat' dir='ltr'><strong>eh</strong></span> <span class='ocrx_word' id='word_1_111' title='bbox 480 1796 552 1861; x_wconf 88' lang='lat' dir='ltr'><strong>pars</strong></span> <span class='ocrx_word' id='word_1_112' title='bbox 573 1776 725 1860; x_wconf 86' lang='lat' dir='ltr'><strong>quaedam</strong></span> <span class='ocrx_word' id='word_1_113' title='bbox 749 1776 890 1841; x_wconf 86' lang='lat' dir='ltr'><strong>fluminis</strong></span> <span class='ocrx_word' id='word_1_114' title='bbox 909 1775 975 1841; x_wconf 91' lang='lat' dir='ltr'><strong>Nili</strong></span> <span class='ocrx_word' id='word_1_115' title='bbox 999 1777 1044 1842; x_wconf 93' lang='lat' dir='ltr'><strong>ibi</strong></span> <span class='ocrx_word' id='word_1_116' title='bbox 1063 1777 1171 1843; x_wconf 83' lang='lat' dir='ltr'><strong>currit.</strong></span> <span class='ocrx_word' id='word_1_117' title='bbox 1194 1779 1241 1843; x_wconf 87' lang='lat' dir='ltr'><strong>Ao</strong></span> <span class='ocrx_word' id='word_1_118' title='bbox 1259 1778 1306 1843; x_wconf 89' lang='lat' dir='ltr'><strong>sic</strong></span> <span class='ocrx_word' id='word_1_119' title='bbox 1325 1798 1399 1864; x_wconf 86' lang='lat' dir='ltr'><strong>ergo</strong></span> 
     </span>
     <span class='ocr_line' id='line_1_14' title="bbox 251 1883 1402 1969; baseline -0.002 -18"><span class='ocrx_word' id='word_1_120' title='bbox 251 1888 400 1951; x_wconf 82' lang='lat' dir='ltr'><strong>exeuntes</strong></span> <span class='ocrx_word' id='word_1_121' title='bbox 430 1884 467 1948; x_wconf 86' lang='lat' dir='ltr'><strong>de</strong></span> <span class='ocrx_word' id='word_1_122' title='bbox 494 1883 580 1949; x_wconf 87' lang='lat' dir='ltr'><strong>Horo</strong></span> <span class='ocrx_word' id='word_1_123' title='bbox 608 1883 811 1967; x_wconf 87' lang='lat' dir='ltr'><strong>porueuimus</strong></span> <span class='ocrx_word' id='word_1_124' title='bbox 841 1883 880 1948; x_wconf 86' lang='lat' dir='ltr'><strong>ad</strong></span> <span class='ocrx_word' id='word_1_125' title='bbox 909 1883 1085 1959; x_wconf 78' lang='lat' dir='ltr'><strong>ciuitatem,</strong></span> <span class='ocrx_word' id='word_1_126' title='bbox 1114 1903 1194 1966; x_wconf 90' lang='lat' dir='ltr'><strong>quae</strong></span> <span class='ocrx_word' id='word_1_127' title='bbox 1222 1884 1402 1969; x_wconf 83' lang='lat' dir='ltr'><strong>appellatur</strong></span> 
     </span>
     <span class='ocr_line' id='line_1_15' title="bbox 249 1990 1402 2075; baseline 0 -19"><span class='ocrx_word' id='word_1_128' title='bbox 249 1991 375 2070; x_wconf 78' lang='lat' dir='ltr'><strong>Arabia,</strong></span> <span class='ocrx_word' id='word_1_129' title='bbox 404 2010 483 2073; x_wconf 89' lang='lat' dir='ltr'><strong>quae</strong></span> <span class='ocrx_word' id='word_1_130' title='bbox 512 1994 561 2054; x_wconf 87' lang='lat' dir='ltr'><strong>est</strong></span> <span class='ocrx_word' id='word_1_131' title='bbox 589 1990 703 2055; x_wconf 83' lang='lat' dir='ltr'><strong>ciuiles</strong></span> <span class='ocrx_word' id='word_1_132' title='bbox 736 1990 768 2055; x_wconf 89' lang='lat' dir='ltr'><strong>in</strong></span> <span class='ocrx_word' id='word_1_133' title='bbox 800 1993 884 2054; x_wconf 82' lang='lat' dir='ltr'><strong>herm</strong></span> <span class='ocrx_word' id='word_1_134' title='bbox 911 1991 1008 2055; x_wconf 90' lang='lat' dir='ltr'><strong>lesse.</strong></span> <span class='ocrx_word' id='word_1_135' title='bbox 1045 1990 1134 2055; x_wconf 90' lang='lat' dir='ltr'><strong>Unde</strong></span> <span class='ocrx_word' id='word_1_136' title='bbox 1167 1991 1323 2075; x_wconf 83' lang='lat' dir='ltr'><strong>scriptum</strong></span> <span class='ocrx_word' id='word_1_137' title='bbox 1350 1996 1402 2056; x_wconf 82' lang='lat' dir='ltr'><strong>est</strong></span> 
     </span>
     <span class='ocr_line' id='line_1_16' title="bbox 251 2096 1451 2181; baseline -0.001 -17"><span class='ocrx_word' id='word_1_138' title='bbox 251 2099 366 2164; x_wconf 82' lang='lat' dir='ltr'>dixisse</span> <span class='ocrx_word' id='word_1_139' title='bbox 395 2096 588 2163; x_wconf 83' lang='lat' dir='ltr'><strong>Pharaonem</strong></span> <span class='ocrx_word' id='word_1_140' title='bbox 618 2097 657 2160; x_wconf 91' lang='lat' dir='ltr'><strong>ad</strong></span> <span class='ocrx_word' id='word_1_141' title='bbox 685 2096 816 2180; x_wconf 87' lang='lat' dir='ltr'><strong>Ioseph:</strong></span> <span class='ocrx_word' id='word_1_142' title='bbox 845 2096 886 2162; x_wconf 92' lang='lat' dir='ltr'><strong>ln</strong></span> <span class='ocrx_word' id='word_1_143' title='bbox 917 2096 1081 2161; x_wconf 88' lang='lat' dir='ltr'><strong>meliori</strong></span> <span class='ocrx_word' id='word_1_144' title='bbox 1113 2101 1223 2161; x_wconf 80' lang='lat' dir='ltr'><strong>terra</strong></span> <span class='ocrx_word' id='word_1_145' title='bbox 1249 2097 1399 2181; x_wconf 79' lang='lat' dir='ltr'><strong>Egypti</strong></span> <span class='ocrx_word' id='word_1_146' title='bbox 1421 2123 1451 2163; x_wconf 84' lang='grc' dir='ltr'><strong>ιθ</strong></span> 
     </span>
     <span class='ocr_line' id='line_1_17' title="bbox 251 2203 1399 2287; baseline -0.002 -18"><span class='ocrx_word' id='word_1_147' title='bbox 251 2205 413 2271; x_wconf 87' lang='lat' dir='ltr'><strong>colloca</strong></span> <span class='ocrx_word' id='word_1_148' title='bbox 435 2206 589 2287; x_wconf 77' lang='lat' dir='ltr'><strong>patrem</strong></span> <span class='ocrx_word' id='word_1_149' title='bbox 613 2207 728 2267; x_wconf 79' lang='lat' dir='ltr'><strong>buum</strong></span> <span class='ocrx_word' id='word_1_150' title='bbox 752 2206 791 2268; x_wconf 78' lang='lat' dir='ltr'><strong>et</strong></span> <span class='ocrx_word' id='word_1_151' title='bbox 814 2204 966 2278; x_wconf 74' lang='lat' dir='ltr'><strong>fraires</strong></span> <span class='ocrx_word' id='word_1_152' title='bbox 989 2203 1027 2268; x_wconf 94' lang='lat' dir='ltr'><strong>in</strong></span> <span class='ocrx_word' id='word_1_153' title='bbox 1050 2207 1163 2268; x_wconf 85' lang='lat' dir='ltr'><strong>terra</strong></span> <span class='ocrx_word' id='word_1_154' title='bbox 1185 2205 1336 2281; x_wconf 79' lang='lat' dir='ltr'><strong>lescen,</strong></span> <span class='ocrx_word' id='word_1_155' title='bbox 1360 2204 1399 2269; x_wconf 92' lang='lat' dir='ltr'><strong>in</strong></span> 
     </span>
     <span class='ocr_line' id='line_1_18' title="bbox 250 2310 563 2379; baseline -0.006 0"><span class='ocrx_word' id='word_1_156' title='bbox 250 2316 359 2379; x_wconf 78' lang='lat' dir='ltr'><strong>berra</strong></span> <span class='ocrx_word' id='word_1_157' title='bbox 380 2310 563 2377; x_wconf 80' lang='lat' dir='ltr'><strong>Arabiae.</strong></span> 
     </span>
    </p>

    <p class='ocr_par' dir='ltr' id='par_1_7' title="bbox 206 2417 1455 3034">
     <span class='ocr_line' id='line_1_19' title="bbox 206 2417 1401 2500; baseline -0.001 -16"><span class='ocrx_word' id='word_1_158' title='bbox 206 2418 228 2484; x_wconf 85' lang='grc'><strong>8</strong></span> <span class='ocrx_word' id='word_1_159' title='bbox 295 2420 342 2483; x_wconf 89' lang='lat' dir='ltr'><strong>De</strong></span> <span class='ocrx_word' id='word_1_160' title='bbox 366 2418 481 2484; x_wconf 82' lang='lat' dir='ltr'><strong>Arabia</strong></span> <span class='ocrx_word' id='word_1_161' title='bbox 511 2421 617 2482; x_wconf 80' lang='lat' dir='ltr'><strong>aulem</strong></span> <span class='ocrx_word' id='word_1_162' title='bbox 647 2418 778 2483; x_wconf 81' lang='lat' dir='ltr'><strong>ciuitate</strong></span> <span class='ocrx_word' id='word_1_163' title='bbox 807 2421 958 2500; x_wconf 77' lang='lat' dir='ltr'><strong>quattuor</strong></span> <span class='ocrx_word' id='word_1_164' title='bbox 985 2417 1075 2482; x_wconf 84' lang='lat' dir='ltr'><strong>milia</strong></span> <span class='ocrx_word' id='word_1_165' title='bbox 1101 2435 1216 2500; x_wconf 88' lang='lat' dir='ltr'><strong>passus</strong></span> <span class='ocrx_word' id='word_1_166' title='bbox 1244 2421 1319 2482; x_wconf 79' lang='lat' dir='ltr'><strong>suut</strong></span> <span class='ocrx_word' id='word_1_167' title='bbox 1341 2418 1401 2483; x_wconf 87' lang='lat' dir='ltr'><strong>Ra·</strong></span> 
     </span>
     <span class='ocr_line' id='line_1_20' title="bbox 251 2524 1401 2602; baseline -0.003 -10"><span class='ocrx_word' id='word_1_168' title='bbox 251 2546 386 2591; x_wconf 88' lang='lat' dir='ltr'><strong>messen.</strong></span> <span class='ocrx_word' id='word_1_169' title='bbox 423 2526 489 2590; x_wconf 90' lang='lat' dir='ltr'><strong>Nos</strong></span> <span class='ocrx_word' id='word_1_170' title='bbox 523 2530 640 2601; x_wconf 80' lang='lat' dir='ltr'><strong>autem,</strong></span> <span class='ocrx_word' id='word_1_171' title='bbox 675 2529 711 2591; x_wconf 83' lang='lat' dir='ltr'><strong>ut</strong></span> <span class='ocrx_word' id='word_1_172' title='bbox 744 2524 925 2590; x_wconf 88' lang='lat' dir='ltr'><strong>ueniremus</strong></span> <span class='ocrx_word' id='word_1_173' title='bbox 958 2524 997 2589; x_wconf 88' lang='lat' dir='ltr'><strong>ad</strong></span> <span class='ocrx_word' id='word_1_174' title='bbox 1029 2524 1224 2589; x_wconf 90' lang='lat' dir='ltr'><strong>mansionem</strong></span> <span class='ocrx_word' id='word_1_175' title='bbox 1257 2525 1401 2602; x_wconf 76' lang='lat' dir='ltr'><strong>Arabiae,</strong></span> 
     </span>
     <span class='ocr_line' id='line_1_21' title="bbox 250 2631 1455 2717; baseline 0 -20"><span class='ocrx_word' id='word_1_176' title='bbox 250 2652 306 2717; x_wconf 88' lang='lat' dir='ltr'><strong>per</strong></span> <span class='ocrx_word' id='word_1_177' title='bbox 328 2632 433 2698; x_wconf 89' lang='lat' dir='ltr'><strong>media</strong></span> <span class='ocrx_word' id='word_1_178' title='bbox 454 2633 606 2697; x_wconf 89' lang='lat' dir='ltr'><strong>Ramesse</strong></span> <span class='ocrx_word' id='word_1_179' title='bbox 632 2632 851 2708; x_wconf 85' lang='lat' dir='ltr'><strong>transiuimus‚</strong></span> <span class='ocrx_word' id='word_1_180' title='bbox 880 2650 961 2713; x_wconf 89' lang='lat' dir='ltr'><strong>quae</strong></span> <span class='ocrx_word' id='word_1_181' title='bbox 984 2631 1155 2697; x_wconf 86' lang='lat' dir='ltr'><strong>Ramessen</strong></span> <span class='ocrx_word' id='word_1_182' title='bbox 1180 2631 1295 2697; x_wconf 87' lang='lat' dir='ltr'><strong>ciuitas</strong></span> <span class='ocrx_word' id='word_1_183' title='bbox 1318 2650 1401 2695; x_wconf 90' lang='lat' dir='ltr'><strong>nuuc</strong></span> <span class='ocrx_word' id='word_1_184' title='bbox 1424 2659 1455 2697; x_wconf 79' lang='lat' dir='ltr'><strong>ao</strong></span> 
     </span>
     <span class='ocr_line' id='line_1_22' title="bbox 251 2736 1400 2823; baseline -0.003 -18"><span class='ocrx_word' id='word_1_185' title='bbox 251 2758 382 2823; x_wconf 86' lang='lat' dir='ltr'><strong>campus</strong></span> <span class='ocrx_word' id='word_1_186' title='bbox 403 2741 461 2817; x_wconf 82' lang='lat' dir='ltr'><strong>esh,</strong></span> <span class='ocrx_word' id='word_1_187' title='bbox 484 2738 531 2803; x_wconf 82' lang='lat' dir='ltr'><strong>ita</strong></span> <span class='ocrx_word' id='word_1_188' title='bbox 549 2740 586 2803; x_wconf 84' lang='lat' dir='ltr'><strong>ut</strong></span> <span class='ocrx_word' id='word_1_189' title='bbox 604 2757 660 2805; x_wconf 87' lang='lat' dir='ltr'><strong>neo</strong></span> <span class='ocrx_word' id='word_1_190' title='bbox 680 2756 776 2803; x_wconf 90' lang='lat' dir='ltr'><strong>unam</strong></span> <span class='ocrx_word' id='word_1_191' title='bbox 799 2737 1028 2802; x_wconf 74' lang='lat' dir='ltr'><strong>habitaiioncm</strong></span> <span class='ocrx_word' id='word_1_192' title='bbox 1051 2736 1175 2801; x_wconf 81' lang='lat' dir='ltr'><strong>habeat.</strong></span> <span class='ocrx_word' id='word_1_193' title='bbox 1199 2737 1293 2801; x_wconf 83' lang='lat' dir='ltr'><strong>Paret</strong></span> <span class='ocrx_word' id='word_1_194' title='bbox 1316 2756 1400 2813; x_wconf 83' lang='lat' dir='ltr'><strong>sane,</strong></span> 
     </span>
     <span class='ocr_line' id='line_1_23' title="bbox 252 2843 1399 2929; baseline -0.002 -20"><span class='ocrx_word' id='word_1_195' title='bbox 252 2846 399 2928; x_wconf 88' lang='lat' dir='ltr'><strong>quoniam</strong></span> <span class='ocrx_word' id='word_1_196' title='bbox 424 2848 458 2908; x_wconf 79' lang='lat' dir='ltr'><strong>ob</strong></span> <span class='ocrx_word' id='word_1_197' title='bbox 484 2844 595 2929; x_wconf 88' lang='lat' dir='ltr'><strong>ingens</strong></span> <span class='ocrx_word' id='word_1_198' title='bbox 620 2843 682 2909; x_wconf 78' lang='lat' dir='ltr'><strong>fuit</strong></span> <span class='ocrx_word' id='word_1_199' title='bbox 708 2864 765 2928; x_wconf 89' lang='lat' dir='ltr'><strong>per</strong></span> <span class='ocrx_word' id='word_1_200' title='bbox 788 2844 893 2929; x_wconf 85' lang='lat' dir='ltr'><strong>girum</strong></span> <span class='ocrx_word' id='word_1_201' title='bbox 917 2847 950 2909; x_wconf 88' lang='lat' dir='ltr'><strong>eb</strong></span> <span class='ocrx_word' id='word_1_202' title='bbox 971 2843 1091 2909; x_wconf 81' lang='lat' dir='ltr'><strong>multas</strong></span> <span class='ocrx_word' id='word_1_203' title='bbox 1114 2844 1250 2910; x_wconf 86' lang='lat' dir='ltr'><strong>fabricas</strong></span> <span class='ocrx_word' id='word_1_204' title='bbox 1274 2843 1399 2917; x_wconf 68' lang='lat' dir='ltr'><strong>habuih</strong></span> 
     </span>
     <span class='ocr_line' id='line_1_24' title="bbox 251 2949 1400 3034; baseline -0.001 -18"><span class='ocrx_word' id='word_1_205' title='bbox 251 2952 358 3016; x_wconf 85' lang='lat' dir='ltr'><strong>minae</strong></span> <span class='ocrx_word' id='word_1_206' title='bbox 388 2950 470 3015; x_wconf 90' lang='lat' dir='ltr'><strong>enim</strong></span> <span class='ocrx_word' id='word_1_207' title='bbox 498 2950 612 3031; x_wconf 74' lang='lat' dir='ltr'><strong>ipsius,</strong></span> <span class='ocrx_word' id='word_1_208' title='bbox 641 2950 909 3032; x_wconf 85' lang='lat' dir='ltr'><strong>quemadmodum</strong></span> <span class='ocrx_word' id='word_1_209' title='bbox 938 2950 1097 3034; x_wconf 81' lang='lat' dir='ltr'><strong>collapsae</strong></span> <span class='ocrx_word' id='word_1_210' title='bbox 1129 2952 1215 3028; x_wconf 82' lang='lat' dir='ltr'><strong>sunt,</strong></span> <span class='ocrx_word' id='word_1_211' title='bbox 1246 2950 1278 3013; x_wconf 91' lang='lat' dir='ltr'><strong>in</strong></span> <span class='ocrx_word' id='word_1_212' title='bbox 1308 2949 1400 3015; x_wconf 88' lang='lat' dir='ltr'><strong>hodie</strong></span> 
     </span>
    </p>

    <p class='ocr_par' dir='ltr' id='par_1_8' title="bbox 208 3055 1457 3460">
     <span class='ocr_line' id='line_1_25' title="bbox 208 3055 1398 3139; baseline 0 -18"><span class='ocrx_word' id='word_1_213' title='bbox 208 3060 227 3122; x_wconf 87' lang='lat'>2</span> <span class='ocrx_word' id='word_1_214' title='bbox 250 3057 391 3121; x_wconf 80' lang='lat' dir='ltr'><strong>infinitae</strong></span> <span class='ocrx_word' id='word_1_215' title='bbox 412 3058 533 3139; x_wconf 84' lang='lat' dir='ltr'><strong>parent.</strong></span> <span class='ocrx_word' id='word_1_216' title='bbox 555 3056 647 3121; x_wconf 85' lang='lat' dir='ltr'><strong>Nune</strong></span> <span class='ocrx_word' id='word_1_217' title='bbox 672 3058 777 3121; x_wconf 80' lang='lat' dir='ltr'><strong>aulem</strong></span> <span class='ocrx_word' id='word_1_218' title='bbox 801 3056 847 3120; x_wconf 92' lang='lat' dir='ltr'><strong>ibi</strong></span> <span class='ocrx_word' id='word_1_219' title='bbox 870 3056 969 3121; x_wconf 84' lang='lat' dir='ltr'><strong>nichil</strong></span> <span class='ocrx_word' id='word_1_220' title='bbox 992 3056 1079 3121; x_wconf 89' lang='lat' dir='ltr'><strong>aliud</strong></span> <span class='ocrx_word' id='word_1_221' title='bbox 1102 3058 1162 3133; x_wconf 83' lang='lat' dir='ltr'><strong>est,</strong></span> <span class='ocrx_word' id='word_1_222' title='bbox 1191 3055 1252 3121; x_wconf 90' lang='lat' dir='ltr'><strong>nisi</strong></span> <span class='ocrx_word' id='word_1_223' title='bbox 1275 3059 1398 3121; x_wconf 77' lang='lat' dir='ltr'><strong>lanium</strong></span> 
     </span>
     <span class='ocr_line' id='line_1_26' title="bbox 251 3162 1457 3248; baseline 0.001 -20"><span class='ocrx_word' id='word_1_224' title='bbox 251 3182 333 3229; x_wconf 81' lang='lat' dir='ltr'><strong>rruus</strong></span> <span class='ocrx_word' id='word_1_225' title='bbox 357 3163 439 3247; x_wconf 87' lang='lat' dir='ltr'><strong>lapis</strong></span> <span class='ocrx_word' id='word_1_226' title='bbox 463 3162 574 3248; x_wconf 87' lang='lat' dir='ltr'><strong>ingens</strong></span> <span class='ocrx_word' id='word_1_227' title='bbox 598 3162 743 3241; x_wconf 78' lang='lat' dir='ltr'><strong>thebeus,</strong></span> <span class='ocrx_word' id='word_1_228' title='bbox 772 3163 805 3227; x_wconf 92' lang='lat' dir='ltr'><strong>in</strong></span> <span class='ocrx_word' id='word_1_229' title='bbox 829 3182 891 3245; x_wconf 90' lang='lat' dir='ltr'><strong>quo</strong></span> <span class='ocrx_word' id='word_1_230' title='bbox 920 3166 994 3227; x_wconf 79' lang='lat' dir='ltr'><strong>sunt</strong></span> <span class='ocrx_word' id='word_1_231' title='bbox 1017 3162 1097 3227; x_wconf 89' lang='lat' dir='ltr'><strong>duae</strong></span> <span class='ocrx_word' id='word_1_232' title='bbox 1120 3166 1244 3228; x_wconf 75' lang='lat' dir='ltr'><strong>statuae</strong></span> <span class='ocrx_word' id='word_1_233' title='bbox 1267 3163 1399 3242; x_wconf 79' lang='lat' dir='ltr'><strong>excisae,</strong></span> <span class='ocrx_word' id='word_1_234' title='bbox 1423 3190 1457 3231; x_wconf 75' lang='lat'><strong>25</strong></span> 
     </span>
     <span class='ocr_line' id='line_1_27' title="bbox 250 3268 1399 3355; baseline -0.002 -20"><span class='ocrx_word' id='word_1_235' title='bbox 250 3271 405 3355; x_wconf 83' lang='lat' dir='ltr'><strong>ingentes,</strong></span> <span class='ocrx_word' id='word_1_236' title='bbox 435 3288 512 3352; x_wconf 89' lang='lat' dir='ltr'><strong>quas</strong></span> <span class='ocrx_word' id='word_1_237' title='bbox 537 3268 648 3334; x_wconf 84' lang='lat' dir='ltr'><strong>dicunt</strong></span> <span class='ocrx_word' id='word_1_238' title='bbox 671 3287 741 3335; x_wconf 82' lang='lat' dir='ltr'><strong>esse</strong></span> <span class='ocrx_word' id='word_1_239' title='bbox 764 3273 946 3334; x_wconf 85' lang='lat' dir='ltr'><strong>sauctorum</strong></span> <span class='ocrx_word' id='word_1_240' title='bbox 969 3268 1143 3347; x_wconf 84' lang='lat' dir='ltr'><strong>homiuum,</strong></span> <span class='ocrx_word' id='word_1_241' title='bbox 1166 3268 1201 3335; x_wconf 90' lang='lat' dir='ltr'><strong>id</strong></span> <span class='ocrx_word' id='word_1_242' title='bbox 1224 3274 1274 3334; x_wconf 79' lang='lat' dir='ltr'><strong>est</strong></span> <span class='ocrx_word' id='word_1_243' title='bbox 1295 3269 1399 3353; x_wconf 69' lang='lat' dir='ltr'><strong>Moysi</strong></span> 
     </span>
     <span class='ocr_line' id='line_1_28' title="bbox 252 3374 1399 3460; baseline -0.003 -18"><span class='ocrx_word' id='word_1_244' title='bbox 252 3380 284 3443; x_wconf 82' lang='lat' dir='ltr'><strong>eb</strong></span> <span class='ocrx_word' id='word_1_245' title='bbox 300 3379 418 3451; x_wconf 80' lang='lat' dir='ltr'><strong>Aurum</strong></span> <span class='ocrx_word' id='word_1_246' title='bbox 443 3394 513 3441; x_wconf 90' lang='lat' dir='ltr'><strong>nam</strong></span> <span class='ocrx_word' id='word_1_247' title='bbox 540 3375 655 3455; x_wconf 76' lang='lat' dir='ltr'><strong>dicent,</strong></span> <span class='ocrx_word' id='word_1_248' title='bbox 680 3374 819 3458; x_wconf 87' lang='lat' dir='ltr'><strong>eoquod</strong></span> <span class='ocrx_word' id='word_1_249' title='bbox 844 3374 902 3439; x_wconf 90' lang='lat' dir='ltr'><strong>filii</strong></span> <span class='ocrx_word' id='word_1_250' title='bbox 920 3374 1041 3439; x_wconf 86' lang='lat' dir='ltr'><strong>Israhel</strong></span> <span class='ocrx_word' id='word_1_251' title='bbox 1063 3375 1095 3439; x_wconf 92' lang='lat' dir='ltr'><strong>in</strong></span> <span class='ocrx_word' id='word_1_252' title='bbox 1118 3376 1236 3441; x_wconf 86' lang='lat' dir='ltr'><strong>honore</strong></span> <span class='ocrx_word' id='word_1_253' title='bbox 1258 3377 1399 3460; x_wconf 89' lang='lat' dir='ltr'><strong>ipsomm</strong></span> 
     </span>
    </p>

    <p class='ocr_par' dir='ltr' id='par_1_9' title="bbox 208 3481 1457 3780">
     <span class='ocr_line' id='line_1_29' title="bbox 208 3481 1401 3567; baseline -0.002 -18"><span class='ocrx_word' id='word_1_254' title='bbox 208 3487 227 3549; x_wconf 82' lang='lat'><strong>3</strong></span> <span class='ocrx_word' id='word_1_255' title='bbox 252 3502 306 3549; x_wconf 88' lang='lat' dir='ltr'><strong>eos</strong></span> <span class='ocrx_word' id='word_1_256' title='bbox 329 3484 503 3567; x_wconf 79' lang='lat' dir='ltr'><strong>posuerint.</strong></span> <span class='ocrx_word' id='word_1_257' title='bbox 527 3484 568 3548; x_wconf 83' lang='lat' dir='ltr'><strong>lib</strong></span> <span class='ocrx_word' id='word_1_258' title='bbox 587 3485 637 3549; x_wconf 79' lang='lat' dir='ltr'><strong>esi</strong></span> <span class='ocrx_word' id='word_1_259' title='bbox 654 3483 699 3547; x_wconf 92' lang='lat' dir='ltr'><strong>ibi</strong></span> <span class='ocrx_word' id='word_1_260' title='bbox 716 3486 880 3566; x_wconf 82' lang='lat' dir='ltr'><strong>praeterea</strong></span> <span class='ocrx_word' id='word_1_261' title='bbox 899 3481 990 3548; x_wconf 82' lang='lat' dir='ltr'><strong>arbor</strong></span> <span class='ocrx_word' id='word_1_262' title='bbox 1008 3482 1165 3549; x_wconf 87' lang='lat' dir='ltr'><strong>sicomori.</strong></span> <span class='ocrx_word' id='word_1_263' title='bbox 1186 3503 1265 3566; x_wconf 91' lang='lat' dir='ltr'><strong>quae</strong></span> <span class='ocrx_word' id='word_1_264' title='bbox 1285 3483 1401 3549; x_wconf 78' lang='lat' dir='ltr'><strong>dicitur</strong></span> 
     </span>
     <span class='ocr_line' id='line_1_30' title="bbox 252 3589 1399 3673; baseline -0.001 -18"><span class='ocrx_word' id='word_1_265' title='bbox 252 3610 271 3655; x_wconf 87' lang='lat' dir='ltr'><strong>a</strong></span> <span class='ocrx_word' id='word_1_266' title='bbox 297 3590 483 3673; x_wconf 84' lang='lat' dir='ltr'><strong>patriarchis</strong></span> <span class='ocrx_word' id='word_1_267' title='bbox 512 3590 616 3673; x_wconf 83' lang='lat' dir='ltr'><strong>posita</strong></span> <span class='ocrx_word' id='word_1_268' title='bbox 639 3609 724 3664; x_wconf 80' lang='lat' dir='ltr'><strong>esse3</strong></span> <span class='ocrx_word' id='word_1_269' title='bbox 754 3608 827 3653; x_wconf 89' lang='lat' dir='ltr'><strong>nam</strong></span> <span class='ocrx_word' id='word_1_270' title='bbox 854 3589 918 3653; x_wconf 89' lang='lat' dir='ltr'><strong>iam</strong></span> <span class='ocrx_word' id='word_1_271' title='bbox 946 3590 1169 3654; x_wconf 78' lang='lat' dir='ltr'><strong>uetustissima</strong></span> <span class='ocrx_word' id='word_1_272' title='bbox 1192 3593 1243 3655; x_wconf 79' lang='lat' dir='ltr'><strong>est</strong></span> <span class='ocrx_word' id='word_1_273' title='bbox 1269 3594 1302 3655; x_wconf 82' lang='lat' dir='ltr'><strong>et</strong></span> <span class='ocrx_word' id='word_1_274' title='bbox 1327 3589 1399 3655; x_wconf 90' lang='lat' dir='ltr'><strong>ideo</strong></span> 
     </span>
     <span class='ocr_line' id='line_1_31' title="bbox 251 3694 1457 3780; baseline 0.002 -19"><span class='ocrx_word' id='word_1_275' title='bbox 251 3696 431 3780; x_wconf 86' lang='lat' dir='ltr'><strong>permodica</strong></span> <span class='ocrx_word' id='word_1_276' title='bbox 460 3700 517 3774; x_wconf 84' lang='lat' dir='ltr'><strong>osb,</strong></span> <span class='ocrx_word' id='word_1_277' title='bbox 551 3696 627 3761; x_wconf 85' lang='lat' dir='ltr'><strong>liceb</strong></span> <span class='ocrx_word' id='word_1_278' title='bbox 654 3698 759 3760; x_wconf 81' lang='lat' dir='ltr'><strong>hamon</strong></span> <span class='ocrx_word' id='word_1_279' title='bbox 788 3694 891 3760; x_wconf 88' lang='lat' dir='ltr'><strong>adhuc</strong></span> <span class='ocrx_word' id='word_1_280' title='bbox 919 3696 1042 3760; x_wconf 80' lang='lat' dir='ltr'><strong>fructus</strong></span> <span class='ocrx_word' id='word_1_281' title='bbox 1075 3695 1194 3760; x_wconf 83' lang='lat' dir='ltr'><strong>aflerat.</strong></span> <span class='ocrx_word' id='word_1_282' title='bbox 1227 3695 1308 3762; x_wconf 87' lang='lat' dir='ltr'><strong>Nam</strong></span> <span class='ocrx_word' id='word_1_283' title='bbox 1335 3696 1400 3761; x_wconf 90' lang='lat' dir='ltr'><strong>cni·</strong></span> <span class='ocrx_word' id='word_1_284' title='bbox 1422 3724 1457 3763; x_wconf 79' lang='lat'><strong>³0</strong></span> 
     </span>
    </p>
   </div>
   <div class='ocr_carea' id='block_1_3' title="bbox 342 3903 895 3967">
    <p class='ocr_par' dir='ltr' id='par_1_10' title="bbox 342 3903 895 3967">
     <span class='ocr_line' id='line_1_32' title="bbox 342 3903 895 3967; baseline -0.005 -8"><span class='ocrx_word' id='word_1_285' title='bbox 342 3906 358 3959; x_wconf 81' lang='lat' dir='ltr'><strong>b</strong></span> <span class='ocrx_word' id='word_1_286' title='bbox 378 3904 413 3959; x_wconf 87' lang='lat' dir='ltr'><strong>of.</strong></span> <span class='ocrx_word' id='word_1_287' title='bbox 433 3905 500 3959; x_wconf 86' lang='lat' dir='ltr'><strong>Gen.</strong></span> <span class='ocrx_word' id='word_1_288' title='bbox 519 3906 562 3967; x_wconf 86' lang='grc'><strong>46,</strong></span> <span class='ocrx_word' id='word_1_289' title='bbox 582 3906 617 3959; x_wconf 79' lang='lat'><strong>29</strong></span> <span class='ocrx_word' id='word_1_290' title='bbox 673 3904 706 3959; x_wconf 84' lang='lat'><strong>14</strong></span> <span class='ocrx_word' id='word_1_291' title='bbox 727 3903 794 3958; x_wconf 83' lang='lat' dir='ltr'><strong>ch.</strong></span> <span class='ocrx_word' id='word_1_292' title='bbox 814 3904 858 3967; x_wconf 78' lang='lat'><strong>47,</strong></span> <span class='ocrx_word' id='word_1_293' title='bbox 878 3904 895 3957; x_wconf 82' lang='grc'><strong>6</strong></span> 
     </span>
    </p>
   </div>
   <div class='ocr_carea' id='block_1_4' title="bbox 251 4022 1402 4375">
    <p class='ocr_par' dir='ltr' id='par_1_11' title="bbox 251 4022 1402 4375">
     <span class='ocr_line' id='line_1_33' title="bbox 288 4022 1400 4125; baseline -0.001 -16"><span class='ocrx_word' id='word_1_294' title='bbox 288 4022 434 4109; x_wconf 67' lang='lat' dir='ltr'><strong>3heroirm</strong></span> <span class='ocrx_word' id='word_1_295' title='bbox 454 4056 481 4109; x_wconf 98' lang='lat' dir='ltr'><strong><em>A</em></strong></span> <span class='ocrx_word' id='word_1_296' title='bbox 583 4057 709 4110; x_wconf 76' lang='lat' dir='ltr'><strong>hoomes</strong></span> <span class='ocrx_word' id='word_1_297' title='bbox 727 4054 754 4107; x_wconf 98' lang='lat' dir='ltr'><strong><em>A</em></strong></span> <span class='ocrx_word' id='word_1_298' title='bbox 774 4070 850 4109; x_wconf 88' lang='lat' dir='ltr'><strong>come</strong></span> <span class='ocrx_word' id='word_1_299' title='bbox 871 4053 1038 4109; x_wconf 62' lang='lat' dir='ltr'><strong>Gummi-sini</strong></span> <span class='ocrx_word' id='word_1_300' title='bbox 1143 4056 1173 4109; x_wconf 92' lang='lat' dir='ltr'><strong>ll</strong></span> <span class='ocrx_word' id='word_1_301' title='bbox 1194 4054 1304 4125; x_wconf 82' lang='lat' dir='ltr'><strong>grandis</strong></span> <span class='ocrx_word' id='word_1_302' title='bbox 1318 4054 1400 4123; x_wconf 81' lang='lat' dir='ltr'><strong>soleo</strong></span> 
     </span>
     <span class='ocr_line' id='line_1_34' title="bbox 251 4142 1400 4213; baseline 0 -16"><span class='ocrx_word' id='word_1_303' title='bbox 251 4144 457 4213; x_wconf 73' lang='lat' dir='ltr'><strong>Pomioloroslcy</strong></span> <span class='ocrx_word' id='word_1_304' title='bbox 530 4144 562 4197; x_wconf 83' lang='lat'><strong>12</strong></span> <span class='ocrx_word' id='word_1_305' title='bbox 587 4142 702 4212; x_wconf 83' lang='lat' dir='ltr'><strong>quedam</strong></span> <span class='ocrx_word' id='word_1_306' title='bbox 721 4145 748 4197; x_wconf 93' lang='lat' dir='ltr'><strong><em>A</em></strong></span> <span class='ocrx_word' id='word_1_307' title='bbox 823 4144 856 4197; x_wconf 85' lang='lat'><strong>13</strong></span> <span class='ocrx_word' id='word_1_308' title='bbox 876 4160 928 4211; x_wconf 89' lang='lat' dir='ltr'><strong>que</strong></span> <span class='ocrx_word' id='word_1_309' title='bbox 947 4143 975 4197; x_wconf 91' lang='lat' dir='ltr'><strong><em>A</em></strong></span> <span class='ocrx_word' id='word_1_310' title='bbox 1047 4144 1081 4198; x_wconf 79' lang='lat'><strong>25</strong></span> <span class='ocrx_word' id='word_1_311' title='bbox 1101 4144 1223 4199; x_wconf 81' lang='lat' dir='ltr'><strong>exclusae</strong></span> <span class='ocrx_word' id='word_1_312' title='bbox 1242 4145 1269 4197; x_wconf 92' lang='lat' dir='ltr'><strong><em>A</em></strong></span> <span class='ocrx_word' id='word_1_313' title='bbox 1288 4160 1400 4198; x_wconf 77' lang='lat' dir='ltr'><strong>excusae</strong></span> 
     </span>
     <span class='ocr_line' id='line_1_35' title="bbox 252 4230 1402 4301; baseline -0.001 -14"><span class='ocrx_word' id='word_1_314' title='bbox 252 4230 321 4287; x_wconf 70' lang='lat' dir='ltr'><strong>Seru</strong></span> <span class='ocrx_word' id='word_1_315' title='bbox 340 4232 460 4286; x_wconf 80' lang='lat' dir='ltr'><strong>excelsae</strong></span> <span class='ocrx_word' id='word_1_316' title='bbox 481 4230 657 4287; x_wconf 81' lang='lat' dir='ltr'><strong>Cholodnial·</strong></span> <span class='ocrx_word' id='word_1_317' title='bbox 675 4231 778 4287; x_wconf 85' lang='lat' dir='ltr'><strong>excisae</strong></span> <span class='ocrx_word' id='word_1_318' title='bbox 798 4231 904 4299; x_wconf 79' lang='lat' dir='ltr'><strong>scripsi,</strong></span> <span class='ocrx_word' id='word_1_319' title='bbox 924 4232 999 4301; x_wconf 77' lang='lat' dir='ltr'><strong>quod</strong></span> <span class='ocrx_word' id='word_1_320' title='bbox 1018 4232 1090 4286; x_wconf 79' lang='lat' dir='ltr'><strong>idem</strong></span> <span class='ocrx_word' id='word_1_321' title='bbox 1108 4232 1323 4287; x_wconf 76' lang='lat' dir='ltr'><strong>Pomialorosla&#39;o</strong></span> <span class='ocrx_word' id='word_1_322' title='bbox 1340 4234 1402 4286; x_wconf 77' lang='lat' dir='ltr'><strong>ueri</strong></span> 
     </span>
     <span class='ocr_line' id='line_1_36' title="bbox 252 4320 468 4375; baseline -0.005 0"><span class='ocrx_word' id='word_1_323' title='bbox 252 4320 341 4375; x_wconf 78' lang='lat' dir='ltr'><strong>oiraile</strong></span> <span class='ocrx_word' id='word_1_324' title='bbox 357 4320 468 4375; x_wconf 81' lang='lat' dir='ltr'><strong>uidetur</strong></span> 
     </span>
    </p>
   </div>
   <div class='ocr_carea' id='block_1_5' title="bbox 0 0 1594 4932">
    <p class='ocr_par' dir='ltr' id='par_1_12' title="bbox 0 0 1594 4932">
     <span class='ocr_line' id='line_1_37' title="bbox 0 0 1594 4932; baseline 0 0"><span class='ocrx_word' id='word_1_325' title='bbox 0 0 1594 4932; x_wconf 95' lang='lat' dir='ltr'><strong> </strong></span> 
     </span>
    </p>
   </div>
  </div>
 </body>
</html>
