3125 4942
289 433 352 496 276
582 429 739 483 Itinera
767 428 1139 498 Hierosolymitana

286 623 400 689 Petrus
428 623 613 708 Burgunnio
648 621 830 690 christicola
860 621 893 686 in
926 622 992 687 illis
1025 622 1117 686 tanis
1151 622 1337 686 semitarum
1370 622 1436 688 eius

288 731 401 796 ductor
429 750 490 795 non
517 731 622 811 ipsum
653 729 777 793 sinebat
803 729 835 793 in
863 748 927 793 uno
955 728 1130 811 eodemque
1152 727 1292 812 hospitio
1317 729 1436 793 dintfus

286 837 434 902 iumorari
462 836 677 902 festinationis
704 835 835 902 intuitu.
878 834 941 900 Sed
967 835 1049 900 iuter
1080 836 1158 900 haec
1186 840 1219 900 et
1249 836 1309 900 hoc
1343 837 1436 901 etiam

286 944 470 1022 notandum,
499 943 583 1024 quod
611 943 699 1006 illins
727 942 843 1006 famosi
869 941 989 1006 montis
1021 961 1135 1006 nomen
1168 943 1290 1025 graems
1322 943 1435 1007 litteris

287 1053 333 1116 sio
362 1053 507 1134 oporteat
534 1051 630 1115 scribi
657 1068 714 1134 per
735 1047 760 1109 d
783 1051 816 1112 et
838 1069 863 1110 ω
887 1049 1017 1132 longum
1042 1043 1191 1124 ΘΑΒΩΡ,
1219 1048 1328 1113 latinis
1362 1068 1436 1117 uero
1462 1071 1473 1110 r

285 1157 435 1222 litterulis
464 1175 537 1222 cnm
565 1155 777 1240 adspiratione
801 1154 928 1219 Thabor
953 1155 1108 1239 producta
1137 1154 1294 1220 olittera.
1331 1155 1434 1220 Huius

287 1262 511 1347 orthographia
534 1261 683 1326 nocebuli
706 1260 853 1325 inlibris
878 1258 1067 1325 Graecitatis
1092 1262 1142 1325 est
1164 1267 1299 1342 reperta.

662 1449 787 1505 XXVIII.
807 1450 857 1504 DE
876 1449 1058 1506 Damasco,

331 1562 506 1626 Damascus
535 1559 650 1624 ciuitas
674 1559 791 1642 regalis
814 1577 939 1642 magna,
964 1563 1001 1622 ut
1023 1559 1172 1624 Aroulfns
1196 1559 1302 1637 refert,
1327 1560 1432 1642 quiin

283 1667 340 1731 itta
359 1686 415 1750 per
432 1666 554 1748 aliquot
571 1663 753 1747 hospitatus
773 1666 825 1728 ast
843 1664 921 1742 dies,
936 1665 968 1727 in
988 1683 1100 1746 campo
1119 1665 1225 1748 posita
1238 1664 1315 1743 lato,
1331 1667 1431 1748 amplo
1450 1685 1472 1722 u

285 1792 446 1838 murorum
462 1772 583 1838 ambItu
603 1771 838 1848 circumcincta,
853 1771 983 1855 iusuper
998 1771 1091 1855 etiam
1113 1775 1145 1836 et
1164 1773 1281 1837 crebris
1295 1773 1432 1837 turribus

286 1880 491 1957 communita,
502 1879 637 1961 plurima
648 1882 732 1942 extra
748 1895 856 1942 muros
871 1877 991 1943 habens
1005 1878 1035 1942 in
1051 1878 1187 1943 circuitu
1202 1879 1332 1958 olineto,
1342 1899 1432 1962 qnam

285 1990 317 2050 et
335 2005 449 2070 magna
465 1986 529 2050 IIII
545 1985 677 2050 flumme
694 1984 907 2048 interfluentia
926 1983 1100 2068 gaudenter
1117 1984 1299 2049 laetificant.
1319 1986 1356 2049 In
1374 2005 1431 2066 qna

285 2093 512 2158 Saracenorum
540 2111 592 2156 rer
620 2092 753 2173 adeptus
782 2089 851 2155 eins
878 2090 1090 2174 principatum
1116 2094 1238 2175 regnat,
1263 2094 1296 2155 et
1317 2091 1432 2156 ibidem

284 2200 316 2266 in
340 2201 490 2266 honorem
519 2199 620 2262 sancti
644 2197 793 2263 Iohannis
817 2197 974 2280 baptistae
997 2198 1124 2281 grandir
1147 2198 1280 2262 fundata
1303 2199 1433 2264 ecclesia
1450 2215 1472 2252 u

285 2310 344 2372 est.
388 2305 548 2385 Quaedam
578 2305 675 2368 etiam
704 2303 931 2370 Saracenorum
965 2305 1101 2369 ecclesia
1131 2305 1368 2370 incredulorum
1403 2308 1433 2368 et

284 2415 355 2496 ipsa
381 2412 414 2476 in
443 2413 552 2476 eadem
581 2411 722 2489 ciuItate‚
747 2429 841 2490 quam
869 2412 933 2492 Ipsi
960 2411 1170 2493 frequentant,
1199 2411 1353 2475 fabricata
1375 2414 1432 2476 est.

695 2599 835 2655 XXVIIII.
855 2601 902 2654 DE
922 2599 1026 2655 TIRO.

329 2712 541 2776 Plurimarum
583 2714 766 2793 peragrator
805 2710 972 2793 regionum
1008 2715 1116 2775 noster
1150 2709 1301 2775 Arculfus
1339 2711 1430 2774 etiam

284 2819 402 2903 Tyrum
426 2817 571 2882 Foenicis
595 2817 776 2900 prouInciae
799 2816 1001 2899 metropolim
1023 2817 1156 2891 introiit,
1181 2835 1262 2898 quae
1286 2816 1429 2881 hebraico
1446 2837 1471 2872 a·

356 3007 391 3062 20
409 3006 520 3060 Hieron.
540 3007 567 3058 in
587 3005 682 3060 Erech.
702 3023 723 3060 e.
739 3007 772 3060 26
793 3005 838 3072 (ef.
857 3007 885 3059 in
904 3007 987 3060 Amos
1007 3023 1029 3060 c.
1046 3007 1070 3065 1.
1089 3006 1117 3061 in
1132 3006 1240 3061 Abacuc
1254 3024 1277 3062 e.
1295 3008 1319 3072 1,
1338 3006 1427 3062 Ouorn.

285 3095 692 3166 pfflmffiwstffi

322 3205 335 3257 1
355 3201 489 3272 burganio
509 3201 533 3254 Z
549 3201 692 3270 burgunio,
711 3217 780 3257 corr.
801 3205 829 3257 2.
847 3218 881 3255 m.
900 3207 932 3255 in
949 3201 1104 3270 burgundio
1123 3201 1167 3254 Br
1257 3202 1390 3256 cristicola
1403 3202 1430 3255 Z

284 3321 313 3373 in
331 3335 383 3374 nm.
407 3318 433 3372 Y
512 3316 586 3370 illins
606 3317 649 3370 Br
721 3319 737 3368 2
757 3283 852 3382 ddctor
870 3333 939 3371 corr.
959 3321 982 3373 1.
1003 3333 1036 3370 m.
1051 3318 1078 3372 Z
1127 3318 1143 3372 3
1163 3315 1217 3370 Sed
1235 3317 1308 3370 inter
1325 3333 1374 3371 om.
1387 3317 1429 3370 Br

283 3411 301 3462 4
321 3407 421 3462 montis
440 3405 538 3459 famosi
561 3405 589 3458 Y
658 3423 803 3475 gregorum
827 3405 855 3458 Y
911 3409 927 3460 5
947 3422 996 3476 per
1015 3422 1028 3459 e
1048 3405 1075 3458 Z
1091 3422 1140 3476 per
1157 3409 1171 3458 t
1187 3407 1231 3460 Br
1303 3401 1427 3474 ΘΑΒΩΡ]

284 3496 401 3550 casinis
420 3493 521 3548 litteris
541 3494 568 3548 Z
584 3489 705 3547 ΝΑΒΩΡ
724 3493 767 3546 Br
821 3495 887 3546 bor
904 3493 948 3546 Br
1008 3493 1191 3564 fortografia
1214 3494 1240 3548 Y
1257 3493 1429 3565 ortographia

1072 3576 1082 3598 C

282 3613 309 3667 Z
327 3610 471 3680 ortografio
492 3625 560 3664 corr.
581 3613 608 3663 2.
628 3625 662 3662 m.
682 3610 713 3662 ἐπ
733 3609 878 3678 ortografio
897 3609 940 3662 Br
1021 3610 1160 3678 gratitatis
1178 3611 1205 3665 Z
1266 3610 1386 3665 axxn'l
1402 3611 1430 3666 Z

284 3701 382 3754 titulae
401 3699 473 3752 deest
491 3699 522 3752 ia
541 3699 567 3752 Z
588 3697 704 3751 XXVIII
728 3697 769 3750 De
794 3696 928 3752 damasco.
948 3697 1080 3752 XXVIIII
1102 3698 1139 3752 Et
1162 3698 1195 3752 de
1218 3702 1288 3768 ipro.
1307 3697 1376 3753 XXX
1393 3698 1429 3751 Et

284 3789 316 3842 de
336 3787 489 3842 alexandria
507 3787 550 3840 Br
604 3787 711 3840 9deeet
730 3787 824 3840 littera
841 3787 963 3840 initialis
981 3788 1052 3841 inZ
1124 3787 1171 3857 qui
1189 3787 1273 3842 refert
1290 3788 1333 3841 Br
1399 3787 1429 3839 in

283 3877 332 3930 iha
350 3875 458 3930 om.Br
505 3875 537 3929 10
557 3874 666 3943 aliquod
681 3875 723 3928 Br
778 3873 835 3929 dies
856 3880 922 3928 ante
939 3876 1015 3945 hosp.
1040 3876 1068 3929 Y
1112 3877 1145 3930 14
1164 3877 1344 3930 saracinorum
1362 3875 1431 3930 YBr

284 3965 399 4034 adeptus
419 3980 486 4018 corr.
500 3980 533 4018 aa
553 3963 708 4033 adalpertus
723 3964 750 4018 Z
805 3965 837 4018 15
856 3965 885 4017 fn
899 3964 1002 4018 honore
1015 3965 1059 4018 Br
1112 3965 1232 4033 baptiste
1246 3973 1313 4034 tegn
1332 3964 1429 4030 (forum

284 4058 310 4108 2.
330 4059 375 4119 m.)
395 4052 438 4105 Br
510 4053 665 4106 aeclesiaZ
679 4055 721 4106 est
740 4052 856 4106 ecclesia
874 4054 902 4107 Υ
954 4054 987 4106 16
1007 4057 1035 4106 et
1052 4053 1167 4122 quedam
1181 4053 1224 4106 Br
1295 4052 1428 4108 saracino-

283 4159 342 4195 rum
370 4141 438 4194 YBr
546 4141 685 4195 ecclesiam
709 4141 752 4194 Br
845 4143 876 4196 17
900 4149 966 4210 post
990 4141 1123 4196 fabricata
1151 4146 1193 4194 est
1217 4159 1321 4197 rasura
1345 4145 1375 4196 tn
1402 4143 1430 4198 Z

285 4227 772 4284 lsxxv112thctusaceettn13r
826 4231 861 4283 20
880 4231 987 4300 thprum
1007 4231 1034 4283 Y
1045 4231 1128 4283 tirum
1142 4230 1186 4283 Br
1249 4230 1343 4285 fenicis
1360 4229 1431 4284 I'Br

283 4318 381 4372 hebreo
406 4317 433 4369 Y
450 4317 556 4370 ebraico
575 4317 618 4370 Br
