3125 4942
185 1181 351 1264 Descripsi
374 1181 514 1246 breuiter
536 1181 677 1264 finesque
701 1183 846 1266 situsque
869 1186 1024 1262 locorum,

185 1288 309 1374 Pagina
331 1308 420 1354 sacra
441 1291 545 1374 magis
569 1309 650 1373 quae
673 1291 876 1357 memoranda
899 1293 1002 1371 reicit,

185 1396 292 1460 Baeda
317 1415 452 1478 sequens
475 1400 622 1462 ueterum
645 1401 860 1477 monuments,
886 1399 1047 1482 simulque
1065 1418 1221 1465 nouorum

187 1502 283 1568 Carta
305 1502 532 1586 magistrorum
555 1522 635 1587 quae
660 1507 753 1569 sonat
776 1505 957 1588 inspiciens.

110 1631 123 1670 s
190 1609 238 1672 De
259 1610 343 1686 Iesu,
366 1612 404 1673 nt
426 1611 562 1693 patriam
586 1629 710 1692 semper
732 1612 901 1676 tendamus
925 1611 965 1678 ad
987 1613 1087 1690 illam,

187 1713 290 1794 Quam
314 1714 388 1781 beet
412 1719 572 1781 aeternum
596 1717 680 1782 uisio
705 1737 831 1782 summa
853 1718 913 1783 tui.

486 1909 705 1975 INCIPIVNT
730 1910 948 1979 CAPITVLA.

250 2034 275 2098 Ι.
300 2033 347 2097 De
371 2033 436 2097 situ
459 2033 672 2100 Hierusalem.

232 2140 273 2204 II.
298 2139 345 2204 De
368 2139 448 2204 locis
470 2140 501 2204 io
528 2158 565 2204 ee
587 2141 716 2206 sanctis.

95 2271 121 2308 lo
215 2247 273 2311 ΠΙ.
301 2245 349 2310 De
376 2246 611 2311 Acheldemach
640 2251 672 2312 et
698 2249 780 2324 loon,
810 2267 872 2330 quo
901 2267 1075 2331 suspensus
1108 2252 1159 2314 est
1184 2250 1292 2315 Iudas,

198 2353 273 2419 1111.
301 2353 349 2417 De
377 2353 503 2418 sudario
536 2354 650 2436 capitis
675 2353 804 2418 Domini
837 2357 870 2418 et
901 2355 964 2419 alio
997 2355 1116 2421 maiore
1147 2356 1245 2421 linteo
1275 2377 1294 2421 a

300 2463 410 2524 sancte
431 2459 532 2524 Meuia
555 2463 708 2525 confecto.

236 2565 275 2630 V.
301 2563 348 2627 De
362 2564 441 2629 loeis
457 2565 539 2630 circa
557 2565 757 2630 Hierusalem
779 2570 813 2630 et
831 2567 966 2632 ecclesia
984 2567 1015 2631 in
1035 2569 1119 2634 ualle
1133 2570 1293 2653 Iosophat.

217 2671 273 2738 VI.
298 2671 345 2734 De
368 2675 476 2736 monte
499 2671 619 2736 Oliueti
643 2675 675 2736 et
697 2672 777 2737 locis
802 2674 921 2738 sanctis
945 2675 976 2737 in
1002 2693 1050 2741 eo.

95 2807 118 2845 n
200 2778 272 2842 Vll.
297 2778 346 2841 De
371 2777 436 2841 situ
458 2778 624 2843 Bethleem
648 2783 680 2843 et
702 2779 781 2843 locis
805 2778 924 2844 ibidem
948 2782 1078 2846 sanctis.

185 2885 275 2950 VHI.
299 2885 346 2949 De
370 2885 436 2949 situ
460 2885 602 2950 Chabron
627 2889 659 2950 et
680 2886 896 2951 monumentis
919 2891 1056 2969 patrum.

169 2991 275 3056 VIIII.
299 2989 519 3056 Dc‘Hieuicho
545 2994 576 3057 et
598 2992 679 3056 loc-is
703 2993 856 3058 eiusdem.

175 3182 281 3252 Incipit
299 3182 423 3237 Libellus
442 3182 533 3236 Baede
553 3183 703 3252 Prespiteri
727 3183 758 3236 de
782 3184 851 3238 loeis
875 3186 985 3247 sanctis,
1005 3202 1085 3253 quem
1105 3184 1138 3238 de
1157 3187 1294 3255 opusculis

139 3272 275 3324 maiorum
295 3269 479 3324 abbreuiando
500 3273 652 3342 composuit
670 3271 707 3324 M
796 3273 895 3326 titulus
913 3274 986 3328 deest
1003 3274 1062 3327 PV
1076 3275 1182 3328 BEDAE
1202 3275 1239 3345 (2.
1258 3293 1293 3328 m.

139 3360 222 3428 cipro
241 3359 351 3419 colore).
380 3357 518 3428 Incipiunt
537 3359 658 3428 capitula
676 3359 709 3412 de
728 3359 797 3414 locis
816 3361 917 3415 sanetis
938 3365 971 3426 (1.
990 3378 1024 3415 m.
1044 3362 1129 3416 rscbro
1147 3363 1247 3427 colore)
1266 3365 1295 3417 A

138 3449 178 3502 In
198 3447 292 3502 codice
306 3447 438 3500 Parisino
452 3447 507 3514 sol.
522 3447 592 3500 135b
608 3447 638 3500 bi
655 3463 752 3500 uersas
770 3454 895 3504 eaeatant:
912 3449 1019 3518 Pagins
1037 3467 1114 3503 secra
1131 3450 1218 3519 magis
1237 3457 1295 3515 etc,

137 3539 183 3590 ila
203 3541 304 3600 tamen,
323 3541 355 3589 ut
373 3537 478 3612 sinpuli
495 3552 592 3590 uersas
610 3537 736 3606 mapulas
755 3537 845 3590 lineas
863 3543 1003 3606 occupent,
1016 3537 1066 3591 sed
1081 3555 1140 3592 non
1158 3538 1294 3606 expleant.

139 3627 178 3679 In
200 3626 296 3694 spatio
318 3641 411 3678 aecem
435 3625 571 3679 linearem
593 3641 690 3680 uersus
703 3625 814 3694 primus
830 3642 920 3694 supra
938 3627 1054 3680 malaeus
1072 3627 1230 3694 ademptus
1248 3633 1295 3690 est,

138 3731 239 3769 ucrssce
255 3717 273 3766 3
287 3719 311 3768 et
329 3717 520 3782 brepetunlur
573 3730 670 3768 uersus
689 3713 788 3768 desunt
801 3715 829 3770 A
883 3717 900 3768 3
918 3714 995 3768 Beda
1008 3715 1067 3768 PV
1088 3787 1093 3796 Ι
1134 3719 1254 3770 ueterem
1269 3717 1298 3769 P

139 3830 310 3883 monimenta
328 3829 356 3882 P
417 3829 548 3883 lobaria
565 3829 603 3882 M
672 3833 752 3884 sonet
775 3830 802 3882 V
860 3830 1030 3899 iincipiunt
1049 3797 1097 3901 cap
1115 3831 1144 3884 P
1160 3831 1296 3900 incipiunt

139 3919 265 3990 capitula
289 3919 314 3972 V
334 3937 385 3974 om.
404 3919 442 3972 M
466 3920 602 3990 incipiunt
626 3920 748 3988 capitula
771 3919 804 3972 de
827 3919 895 3973 locis
918 3908 971 3974 scis
990 3921 1017 3973 A
1106 3920 1123 3973 8
1148 3919 1251 3973 desitus
1269 3921 1298 3973 P

139 4009 288 4062 ierusalem
306 3996 461 4062 PVibilm
479 4009 506 4061 A
598 4010 631 4062 10
651 4009 810 4062 acheldema
827 4009 893 4060 AM
909 4008 985 4062 achel
1005 4008 1038 4062 de
1055 4008 1134 4063 mech
1153 4008 1180 4062 P
1266 4009 1295 4062 in

140 4113 195 4165 que
215 4096 255 4150 M
307 4099 339 4151 15
360 4103 445 4166 eaput
463 4098 525 4151 VII
541 4103 567 4151 et
589 4097 672 4151 VIII
686 4099 718 4150 io
736 4114 824 4151 unum
843 4098 1064 4152 contrabuntur:
1080 4099 1121 4152 De
1140 4099 1195 4151 situ
1213 4097 1295 4151 bloie-

140 4203 202 4240 aem
228 4190 256 4240 et
279 4187 461 4243 monumentis
484 4187 599 4256 patrum,
620 4187 795 4254 quamobrem
816 4187 927 4240 numera
948 4188 1118 4255 sequentium
1136 4187 1258 4254 capitum
1277 4205 1296 4240 a

140 4275 239 4330 celcris
268 4275 407 4329 codicibus
435 4275 583 4330 abhorrent
611 4281 636 4328 et
659 4275 776 4329 XVIII
801 4281 911 4329 tantum
939 4277 1035 4344 capita
1061 4281 1245 4330 numerantur
1263 4275 1299 4328 M

140 4364 300 4418 bethlehem
319 4379 423 4432 scenper
440 4363 498 4416 PV
552 4365 584 4418 17
602 4363 703 4416 iericho
722 4363 780 4417 PV
