3125 4942
619 473 867 528 Adamnanus
1256 481 1321 544 267

173 669 271 734 etiam
288 671 383 754 longe
401 670 515 753 positis
530 670 711 736 nationibus
726 671 820 735 ualde
835 690 986 756 magnum
1001 671 1179 754 proiectum
1193 673 1324 755 praebet

173 777 251 840 solis
285 776 386 841 ealore
420 777 497 842 satis
531 776 727 842 sufficienter
759 778 925 843 siccatum.
971 779 1075 843 Aliter
1100 798 1176 844 uero
1209 779 1256 844 sal
1288 779 1320 842 in

173 883 309 963 quodam
331 883 437 948 Siculo
461 886 567 947 monte
591 883 699 949 heberi
723 885 816 949 solet.
839 885 922 950 Nam
945 886 1034 950 illius
1057 886 1176 950 montis
1198 885 1322 968 lapides

172 988 211 1052 de
235 991 318 1052 terra
341 990 445 1054 auulsi
468 1009 579 1056 uerum
603 990 789 1054 naturaliter
813 990 1028 1054 salsissimum
1052 991 1100 1054 sal
1124 1010 1194 1055 esse
1222 995 1321 1075 gustu

142 1121 154 1160 s
173 1095 414 1177 conprobantur,
440 1094 523 1176 quod
551 1094 675 1178 proprie
700 1095 881 1159 nominatur
903 1096 951 1160 sal
973 1098 1086 1160 terrae.
1123 1097 1224 1160 Aliter
1247 1115 1322 1179 ergo

173 1201 221 1266 sal
243 1201 340 1266 maris
366 1205 459 1284 atque
484 1203 575 1266 aliter
594 1203 641 1266 sal
661 1205 761 1266 terrae
780 1201 916 1266 uoeitari
935 1202 1028 1266 solet.
1052 1202 1144 1267 Unde
1163 1202 1322 1268 61116161-

172 1329 232 1373 nus
257 1309 288 1373 in
313 1308 478 1392 euangelio
501 1327 557 1391 per
580 1309 823 1374 similitudinem
848 1308 886 1372 ad
906 1310 1069 1390 apostolos
1088 1308 1205 1373 dixisse
1223 1308 1323 1374 oredi-

172 1419 239 1480 tur:
259 1415 333 1480 Vos
354 1415 449 1480 estis
470 1416 667 1480 salterrae
687 1419 718 1480 et
737 1419 851 1480 cetera.
870 1416 919 1479 De
937 1417 998 1479 hoe
1017 1416 1125 1498 itaque
1141 1417 1206 1480 sale
1220 1419 1321 1480 terrae

172 1523 203 1587 iu
233 1521 361 1586 Siciliae
388 1525 496 1587 monte
528 1528 651 1605 reperto
684 1523 775 1588 nobis
809 1526 940 1587 sanetus
971 1523 1134 1586 intimauit
1159 1522 1322 1599 Amulius,

130 1654 155 1693 ιο
173 1628 227 1710 qui
244 1627 326 1692 illud
344 1647 400 1711 per
419 1630 541 1711 aliquot
559 1629 627 1694 dies
647 1629 678 1692 in
694 1629 804 1694 Sicilia
822 1647 952 1693 manens
971 1629 1045 1694 nisu
1064 1631 1096 1692 61
1114 1634 1213 1711 gustu
1227 1630 1324 1708 atque

173 1739 262 1800 tantu
287 1737 493 1817 conprobauit
517 1755 588 1802 esse
612 1755 722 1800 nerum
743 1737 958 1801 salsissimum
982 1737 1040 1800 sal.

518 1927 618 1981 XVIII.
637 1927 686 1981 Da
705 1925 976 1983 6661606110.

216 2053 306 2118 Idem
329 2053 419 2117 uobis
444 2056 476 2117 et
499 2052 537 2116 de
560 2054 657 2117 meris
676 2052 795 2118 mortui
814 2053 879 2118 sale
898 2053 1047 2131 narrauit,
1068 2053 1152 2135 quod
1175 2053 1325 2117 similiter
1435 2112 1441 2127 ,

171 2160 295 2224 hisdem
314 2159 418 2224 tribus
437 2159 628 2242 supradietis
649 2159 796 2224 sensibus
816 2178 835 2224 a
853 2179 887 2224 se
907 2160 1134 2241 conprobatum
1152 2159 1322 2224 nuntiauit

130 2291 154 2332 n
173 2265 234 2345 Qui
250 2267 346 2331 etiam
361 2265 503 2330 eiusdem
520 2266 666 2350 superius
682 2267 848 2331 memorati
862 2268 951 2330 lacus
970 2267 1161 2329 maritimam
1180 2266 1323 2347 frequen-

171 2373 254 2437 tauit
281 2373 492 2449 6161666166
520 2371 686 2456 longitudo
716 2392 818 2455 usque
847 2372 886 2436 ad
909 2373 1026 2437 Zoaros
1049 2372 1184 2437 Arabiae
1208 2371 1322 2437 stadiis

172 2479 352 2562 quingentis
381 2479 563 2564 octuaginta
590 2479 747 2562 dirigitur,
771 2479 908 2544 latitudo
939 2478 1053 2544 stadiis
1081 2482 1207 2544 centum
1232 2479 1322 2560 quiu-

173 2587 324 2670 quaginta
345 2605 449 2668 usque
473 2585 511 2650 ad
535 2587 640 2649 uicina
664 2585 883 2651 Sodomorum.

261 2839 277 2892 8
296 2837 395 2892 Malth.
415 2841 440 2904 5,
461 2839 493 2892 13
550 2838 582 2891 16
601 2839 699 2906 Hegea.
715 2837 754 2892 IV
769 2855 790 2892 6.
809 2839 841 2892 18
855 2856 881 2909 p.
897 2840 958 2902 253,
974 2839 1017 2902 29,
1038 2838 1070 2892 61.
1085 2835 1320 2891 Pseudo-Eucher.

173 2927 199 2980 in
219 2927 256 2980 IV
276 2927 342 2996 Reg.
363 2943 384 2981 6.
405 2929 439 2982 25

207 3103 374 3156 26616161)
444 3101 484 3156 sal
503 3104 591 3155 terrae
605 3101 649 3154 Br
703 3102 839 3166 36116616
854 3119 923 3158 cerr.
939 3105 970 3163 2„
980 3120 1014 3155 m.
1031 3104 1073 3155 Br
1126 3101 1236 3165 babere,
1251 3119 1322 3157 corr.

173 3191 357 3247 6661661662
427 3190 532 3262 lapides
546 3191 646 3244 montis
661 3189 705 3243 Br
753 3191 1008 3262 beouprobaturZ
1080 3208 1098 3244 a
1115 3192 1221 3244 uerbis:
1234 3191 1324 3244 Aliter

174 3299 236 3352 ergo
257 3285 307 3336 ete.
327 3297 431 3334 nouum
444 3282 597 3349 capitulum
612 3279 755 3334 exordium
768 3282 852 3334 sumit
865 3281 896 3332 ia
909 3281 952 3333 Br
965 3279 1057 3333 xvlll
1070 3281 1112 3333 De
1126 3297 1199 3334 mare
1214 3283 1321 3333 mortuo

174 3371 247 3438 ergo]
262 3386 326 3422 nero
341 3369 368 3422 Z
416 3369 565 3423 duocitare
580 3368 615 3434 P,
627 3368 674 3421 sed
689 3385 756 3422 corr.
813 3367 876 3420 inde
892 3369 960 3421 etZ
1009 3368 1069 3422 861
1083 3372 1174 3422 cetera
1187 3385 1238 3422 om.
1254 3368 1324 3421 YBr

175 3461 206 3514 10
225 3457 378 3528 perom.Z
432 3457 562 3526 aliqllBr·
635 3457 780 3526 inSIeilia]
800 3457 901 3510 ibidem
916 3457 958 3511 Br
1029 3458 1090 3510 uisu
1106 3461 1135 3510 et
1148 3460 1224 3510 tactu
1239 3461 1323 3525 atque

173 3551 254 3616 gustu
273 3547 316 3599 Br
408 3547 441 3599 la
470 3546 567 3600 titulos
587 3545 658 3599 deest
675 3548 707 3598 a'n
725 3546 852 3600 omnibus
871 3546 1017 3601 codicibus.
1035 3545 1149 3599 Nonum
1168 3545 1323 3614 capitulum

175 3633 262 3694 (XVII
281 3633 318 3698 P)
338 3633 508 3687 solummodo
526 3633 571 3688 bie
588 3635 738 3688 inchoatur
755 3635 787 3688 16
810 3633 864 3686 ΥΡ
935 3635 967 3688 13
986 3633 1068 3687 maris
1087 3635 1198 3702 mortui]
1216 3632 1322 3686 inosaui

172 3723 215 3775 uel
236 3721 370 3775 ortuiBr
452 3721 492 3774 sal
512 3722 693 3776 enarrauitZ
773 3723 819 3791 qui
838 3722 891 3775 ΥΡ
951 3723 985 3776 14
1004 3722 1088 3776 isdem
1112 3721 1228 3775 Yidem
1246 3722 1320 3783 Ber,

173 3814 329 3865 eorr.2.m.
403 3812 526 3864 narrauit
539 3811 582 3864 Br
637 3813 670 3865 15
689 3811 885 3864 meritinan
939 3813 1070 3881 ltneque
1085 3829 1135 3865 om.
1151 3812 1184 3874 Ζ,
1198 3826 1249 3878 pro
1268 3827 1323 3877 quo

173 3902 257 3962 euius.
277 3899 326 3954 aad
344 3899 447 3953 lineola
460 3901 598 3968 perducta
618 3900 733 3954 deletum
790 3900 822 3953 17
843 3901 993 3967 quincentis
1008 3901 1083 3964 PBr,
1104 3917 1173 3956 corr.
1188 3904 1215 3952 2.
1229 3917 1263 3953 m.
1279 3900 1324 3951 Br

174 3989 334 4093 ootupgmta
352 3988 426 4040 bane
442 3989 562 4055 sormam
581 3989 707 4042 eabibent
724 3988 776 4042 ΡΖ
829 3991 938 4041 centum
958 3989 1156 4058 quinquaginta
1170 3987 1266 4041 stadiis
1279 3989 1324 4040 Br

173 4104 259 4166 stadis
274 4103 299 4156 Z
353 4103 387 4156 18
405 4103 522 4156 uicinam
537 4103 649 4172 codices,
668 4104 759 4158 uicina
776 4103 877 4172 scripsi
893 4110 1002 4157 secutus
1018 4105 1164 4173 uulpatam
1184 4100 1322 4157 lectionem

172 4191 324 4262 Hepeeippi
343 4207 372 4259 p.
394 4195 462 4256 253,
484 4196 518 4246 31
542 4198 567 4246 et
584 4193 631 4246 Ps.
651 4192 739 4246 Eaeb.
759 4194 792 4246 a'n
809 4193 859 4246 IV
874 4192 940 4263 Rep.
960 4210 981 4246 6.
999 4196 1040 4246 25
