3125 4942
647 442 870 495 Antoninus
1270 447 1333 509 207

181 640 330 721 pretorio.
367 638 448 703 Nam
477 638 516 703 de
543 638 614 721 ipsa
639 642 730 721 petra
756 638 877 703 multae
900 636 982 703 fiunt
1006 639 1155 715 uirtutem
1185 638 1334 703 tollentes

181 764 364 810 mensuram
392 745 431 809 de
457 745 528 827 ipsa
555 745 694 828 uestigia
722 747 754 809 et
780 745 883 829 ligent
912 764 967 827 per
994 744 1138 831 singulos
1165 746 1334 829 languores

182 856 216 915 et
239 856 399 927 sanantur,
423 856 456 916 et
478 852 548 934 ipsa
570 855 661 934 petra
683 854 793 915 omata
816 854 867 917 est
890 872 926 915 ex
950 871 1024 916 auro
1049 855 1080 917 et
1104 854 1244 937 argento.

225 957 304 1023 Inde
328 958 475 1023 uenimus
499 958 539 1022 ad
562 977 682 1036 areum,
701 958 756 1022 ubi
780 958 843 1021 luit
866 959 1042 1045 antiquitus
1066 962 1157 1041 porta
1181 960 1388 1029 ciuitatis24

148 1066 217 1130 sIn
246 1065 317 1148 ipso
340 1065 410 1131 loco
439 1068 514 1130 sunt
542 1084 642 1147 aquae
669 1064 826 1149 putridae,
850 1065 882 1129 iu
907 1084 986 1148 quas
1010 1065 1130 1131 missus
1154 1069 1204 1131 est
1226 1066 1334 1131 Hiere-

180 1172 262 1236 mias
289 1172 453 1256 propheta.
489 1171 539 1235 Ab
568 1190 641 1237 arcu
670 1172 726 1237 illo
755 1171 1020 1237 descendentibus
1048 1172 1139 1237 nobis
1169 1172 1333 1237 adfantes

182 1277 270 1343 Siloa
301 1298 357 1362 per
389 1278 505 1363 gradus
537 1279 668 1345 multos.
710 1279 769 1343 Est
799 1278 844 1343 ibi
877 1278 1011 1343 basilica
1037 1278 1203 1354 solubilis,
1233 1278 1333 1343 desub

181 1403 245 1468 qua
272 1386 376 1468 surgit
403 1384 508 1467 Syloe‚
537 1403 617 1466 quae
644 1384 740 1449 habet
773 1385 853 1450 solie
886 1384 948 1449 duo
983 1404 1019 1449 er
1051 1404 1206 1451 marmore
1240 1405 1333 1450 manu

179 1492 320 1556 hominis
344 1491 437 1557 lacta.
461 1492 503 1556 Et
524 1492 606 1556 inter
629 1491 727 1556 solies
746 1492 895 1556 clausura
914 1492 1136 1557 cancellorum.
1161 1493 1196 1557 In
1218 1493 1334 1575 quibus

131 1619 159 1660 ιο
179 1616 235 1679 pro
256 1597 522 1661 benedictionem
542 1608 640 1661 unum
660 1597 810 1662 leuantur
828 1597 899 1671 uiri,
915 1598 946 1662 in
966 1597 1062 1661 elium
1079 1618 1154 1663 uero
1170 1600 1333 1676 mulierem

178 1704 210 1768 in
232 1703 351 1786 quibus
370 1704 461 1785 aquis
479 1704 583 1768 multa
601 1704 821 1780 ostenduntur,
841 1704 938 1769 immo
955 1708 986 1769 et
1000 1705 1119 1786 leprosi
1133 1704 1333 1771 mundantur.

178 1811 221 1876 Et
250 1814 323 1874 ante
351 1811 468 1875 atrium
496 1813 547 1875 est
568 1809 690 1892 piscina
715 1810 841 1893 grandis
865 1830 962 1875 manu
984 1811 1121 1876 hominis
1145 1811 1277 1884 munita.
1301 1811 1333 1877 in

180 1938 244 2000 qua
276 1918 404 1981 leuatur
433 1916 572 1999 populus
605 1916 763 1983 assiduae.
805 1916 887 1982 Nam
919 1917 984 1983 illis
1018 1918 1095 1983 eolis
1124 1919 1218 1982 certis
1246 1920 1332 1984 horis

178 2025 250 2089 lons
279 2024 348 2107 ipse
374 2024 487 2107 irrigat
514 2043 612 2107 aquas
640 2025 769 2100 multae,
800 2044 879 2107 quae
909 2024 1102 2090 descendunt
1129 2044 1185 2107 per
1214 2026 1330 2090 uellem

128 2150 157 2191 15
176 2132 340 2215 iosaphat,
365 2149 444 2213 quae
468 2133 501 2197 et
520 2130 727 2197 Gethsemaui
750 2135 894 2210 necetur,
920 2134 953 2197 et
973 2132 1194 2216 ingrediuntur
1216 2132 1248 2197 in
1267 2133 1332 2197 Ior-

176 2237 257 2301 deue
284 2237 396 2301 fluuio.
433 2237 497 2302 Ubi
524 2236 667 2302 Iordanis
696 2237 804 2302 deficit
832 2239 863 2301 in
892 2257 978 2303 mare
1012 2239 1184 2303 salinarum
1217 2239 1331 2304 subtus

177 2343 317 2410 Sodoma
339 2348 373 2408 et
397 2343 559 2409 Gomorra.

219 2450 303 2515 Nam
330 2450 425 2516 medo
454 2451 581 2531 etipse
608 2451 680 2515 lons
704 2450 792 2516 Siloa
819 2451 900 2515 inira
928 2451 1093 2517 ciuitatem
1121 2452 1245 2517 inclusa
1269 2457 1328 2530 est,
1341 2450 1382 2513 25

175 2558 251 2639 quia
262 2558 405 2622 Eudoxio
423 2560 570 2642 augusta,
584 2577 663 2622 uxor
677 2557 844 2622 Iustiniani
860 2559 1070 2641 imperatorie,
1086 2558 1208 2624 addidit
1220 2578 1328 2623 muros

127 2686 156 2727 eo
173 2665 206 2729 in
226 2664 358 2729 ciuitate
374 2664 587 2743 Hierusalem,
603 2667 637 2728 et
649 2664 719 2747 ipsa
735 2664 875 2729 muniuit
889 2666 1093 2748 sepulchrum
1115 2671 1148 2730 et
1165 2665 1329 2731 basilicam

176 2771 280 2837 saneti
304 2770 456 2853 Stephani
485 2774 517 2835 et
544 2771 614 2853 ipsa
640 2790 735 2835 suum
759 2772 856 2835 habet
884 2772 1087 2855 sepulchrum
1113 2773 1202 2837 iuxta
1225 2773 1329 2855 sepul-

177 2878 288 2941 chrum
312 2878 414 2942 sancti
433 2876 594 2960 Stephani.
618 2878 659 2941 Et
681 2878 762 2941 infra
786 2878 953 2959 sepulchra
972 2882 1047 2943 sunt
1065 2898 1194 2963 gressus
1212 2879 1328 2959 XXVI,

176 2988 208 3047 et
235 2984 350 3049 beatus
374 2984 555 3067 Stephanus
583 2984 755 3067 requiescit
782 2984 860 3049 foris
889 2988 1012 3068 portem
1038 2987 1173 3069 sagittae
1197 2987 1327 3055 iactum.

176 3089 310 3173 Unaque
337 3090 432 3155 modo
459 3094 551 3172 porte
579 3110 615 3155 ex
641 3089 768 3154 nomino
797 3090 899 3172 ipsius
928 3092 1077 3175 martyris
1106 3096 1247 3157 uocetur.
1287 3094 1328 3160 llt

128 3218 155 3259 ee
177 3201 226 3261 est
252 3196 292 3260 ad
320 3198 384 3271 uia,
413 3217 492 3279 quae
520 3197 652 3278 respicit
680 3196 718 3260 ad
747 3196 954 3277 occidentem,
985 3217 1064 3280 quae
1094 3197 1257 3265 descendit
1289 3199 1328 3263 ad

175 3303 272 3386 Iopen
300 3308 334 3368 et
356 3302 491 3369 Cesarea
513 3304 673 3367 Palestine
700 3302 753 3367 uel
777 3302 922 3384 Diaspoli
947 3305 1121 3382 ciuitatem,
1146 3324 1226 3387 quae
1250 3306 1328 3369 enti·

177 3410 285 3492 quitus
314 3410 479 3474 dicebatur
506 3411 638 3486 Aaotue,
667 3409 699 3473 in
730 3428 793 3491 qua
819 3410 992 3491 requiescit
1015 3416 1143 3476 sauctus
1168 3411 1326 3495 Georgius

173 3519 302 3600 martyr.
340 3517 376 3580 In
404 3517 474 3598 ipse
501 3517 555 3580 nia
582 3536 644 3582 non
672 3517 767 3598 louge
792 3536 810 3579 a
834 3516 965 3581 ciuitate
989 3520 1055 3581 stat
1078 3518 1225 3582 columna
1247 3538 1326 3582 mar-

209 3655 222 3708 1
243 3654 302 3708 Hic
320 3653 409 3708 dmuo
427 3654 527 3723 incipit
540 3654 582 3707 Br
594 3670 624 3722 p.
642 3656 684 3719 61,
702 3653 751 3707 aed
769 3653 831 3707 alia
849 3654 991 3721 scripturo
1006 3660 1031 3708 et
1049 3656 1143 3724 peiore
1156 3671 1327 3725 perpameno

174 3744 269 3813 2ipso
288 3743 405 3813 uestigio
421 3743 446 3794 B
482 3746 604 3797 caream
620 3741 662 3795 Br
698 3742 966 3811 SioutemeyloaB
1005 3745 1084 3813 'iper
1102 3743 1327 3813 gradus-surgit

174 3831 418 3901 Syloal.Som.B
452 3830 944 3885 9Etinter-mulieresl.100m.B
982 3834 1013 3887 13
1027 3832 1082 3885 illie
1093 3833 1184 3887 om.B
1234 3833 1326 3887 orisB
1424 3870 1425 3873 κ

175 3922 208 3975 14
224 3919 370 3990 inrigatB
420 3921 453 3973 15
471 3919 645 3990 iosaphadB
717 3919 905 3973 ieseemarriB
977 3922 1004 3974 in
1020 3922 1114 3975 om.B
1186 3920 1325 3975 iordanem

172 4009 286 4063 fluuium
304 4009 331 4062 Β
404 4011 436 4062 16
455 4010 484 4063 id
504 4015 546 4063 est
564 4010 599 4063 ad
617 4026 691 4063 mare
710 4010 865 4063 salinarum.
886 4010 988 4064 Subtus
1008 4014 1051 4063 est
1069 4011 1096 4062 Β
1152 4011 1185 4065 18
1204 4010 1280 4081 syloa
1298 4010 1325 4063 Β

173 4098 294 4152 inclusus
313 4099 340 4152 Β
381 4100 414 4151 19
434 4099 540 4152 eodixia
553 4098 596 4151 Br
615 4098 728 4152 eodoxia
740 4100 769 4152 B
810 4101 842 4153 21
864 4100 893 4152 et
911 4100 971 4167 ipsa
986 4116 1061 4152 susm
1077 4099 1325 4168 habet-stephani

173 4188 204 4241 ier
220 4204 306 4257 moro.
324 4188 378 4252 inf.
396 4188 424 4239 Β
460 4188 494 4241 22
509 4188 671 4256 sepulerum,
690 4188 738 4241 aad
756 4204 825 4243 corr.
840 4188 901 4242 ead.
917 4188 992 4241 m.B
1030 4190 1186 4259 Stansque
1206 4206 1274 4245 corr.
1291 4206 1324 4243 ea:

173 4293 280 4346 unoquo
299 4276 342 4330 Br
359 4292 519 4346 unaqueque
538 4281 617 4345 porta
634 4276 714 4330 modo
732 4278 756 4328 Β
811 4278 845 4331 25
865 4278 893 4331 in
912 4278 958 4331 uia
975 4278 1003 4330 Β
1057 4278 1091 4333 26
1111 4278 1198 4347 iopem
1219 4282 1248 4332 et
1267 4295 1322 4333 ces·

176 4382 277 4420 aeream
296 4365 324 4418 Β
395 4363 514 4435 diospoli
532 4366 559 4417 Β
