3125 4942
290 454 354 517 190
602 450 760 505 Itinera
787 448 1158 520 Hierosolymitana

234 644 277 708 46
331 644 454 711 Iterum
472 644 637 710 uenientes
655 644 689 709 in
701 644 929 721 Hierusolima,
944 642 1000 708 ubi
1019 642 1114 707 etiam
1135 646 1282 727 aegrotus
1301 642 1438 709 remansi

287 753 500 836 permultum
518 754 656 835 tempus.
680 750 854 815 Euidentes
873 750 1000 816 oculata
1018 750 1078 815 fide
1093 750 1160 814 uidi
1174 750 1299 815 beatam
1313 750 1440 833 Euphe-

287 859 385 924 miam
407 878 463 944 per
486 858 643 924 uisionem
667 860 699 921 et
722 857 851 921 beatum
875 857 1063 935 Antoninm3
1089 857 1247 939 quomodo
1272 860 1438 925 uenerunt.

289 969 480 1031 sananerunt
507 984 569 1029 me.
607 964 763 1048 Egressus
793 963 830 1029 de
858 964 1075 1029 Hierusolima
1102 964 1251 1029 descendi
1273 963 1305 1028 in
1328 964 1439 1047 Ioppe.

287 1073 337 1138 Ibi
359 1074 443 1138 iacet
462 1077 571 1137 sancta
593 1072 731 1137 'Dabitha
753 1092 833 1155 quae
858 1076 890 1137 et
913 1073 1033 1137 Dorcas
1059 1072 1184 1140 dicitnr.
1220 1072 1342 1137 Deinde
1365 1070 1442 1137 ueni
1475 1090 1487 1130 e

290 1180 442 1245 Caesarea
474 1179 626 1263 Philippi,
661 1198 740 1262 quae
778 1180 874 1244 turris
909 1178 1075 1258 Stratonis,
1110 1198 1189 1261 qnae
1223 1182 1255 1245 et
1288 1178 1443 1244 Caesarea

288 1286 478 1352 Palaestinis
515 1288 659 1351 uocatur.
704 1286 741 1350 In
776 1304 838 1369 qua
870 1285 1042 1368 requiescit
1078 1290 1208 1351 sanctus
1240 1284 1441 1369 Pamphilae,
1551 1310 1557 1323 ·

289 1395 419 1457 sanctus
447 1390 633 1473 Procopius,
667 1394 797 1456 sanctus
827 1390 1002 1469 Cornelius,
1037 1412 1072 1456 ex
1105 1392 1197 1457 cuins
1229 1393 1316 1457 lectu
1348 1390 1443 1457 bene-

290 1498 462 1563 dictionem
484 1498 631 1563 tulimns.
650 1497 727 1562 Inde
751 1518 808 1582 per
827 1497 1003 1563 Galilaeam
1022 1498 1223 1563 ascendimus
1243 1502 1275 1563 et
1293 1496 1443 1563 uenimus

290 1604 494 1670 Damascum.
509 1604 558 1669 Ibi
573 1606 624 1670 est
636 1604 863 1670 monasterium
880 1604 918 1669 ad
934 1604 1069 1670 miliario
1086 1604 1301 1684 secundo,nbi
1312 1608 1443 1669 sanctus
1466 1626 1491 1666 ro

290 1712 411 1777 Paulus
435 1716 485 1777 est
508 1730 692 1787 conuersus,
711 1711 805 1777 nicus
824 1712 878 1794 qui
898 1715 1032 1777 nocetur
1050 1716 1168 1789 rectus,
1186 1712 1219 1775 in
1240 1730 1301 1795 quo
1320 1712 1444 1777 multae

290 1818 373 1884 fiunt
399 1818 546 1884 uirtutes.
584 1817 705 1883 Deinde
732 1818 880 1883 uenimus
903 1818 1076 1901 Heliopoli,
1101 1820 1134 1884 et
1161 1817 1271 1885 exinde
1294 1816 1445 1884 uenimus

291 1923 410 2001 Emiaa,
429 1924 486 1989 nbi
509 1928 559 1989 est
583 1926 679 2007 ceput
701 1925 805 1991 saneti
822 1924 972 1991 Iohannis
991 1925 1162 2009 baptistae,
1181 1926 1236 2007 qui
1255 1928 1304 1991 est
1321 1924 1444 1989 missus

292 2033 324 2096 in
340 2032 430 2097 doleo
445 2032 558 2110 uitreo,
573 2051 667 2116 quem
682 2034 779 2097 etiam
797 2033 879 2097 infra
897 2032 1023 2098 doleum
1044 2034 1146 2099 oculis
1164 2032 1282 2100 nostris
1301 2030 1445 2097 uidimus

293 2144 326 2204 et
344 2138 557 2205 edomuimus.
580 2139 700 2205 Exinde
718 2143 919 2206 transeuntes
933 2160 989 2225 per
1003 2140 1161 2215 ciuitates,
1176 2138 1237 2204 hoo
1253 2140 1303 2203 est
1316 2137 1448 2202 Larissa
1468 2160 1494 2202 ra

293 2246 438 2311 Arist-osa
450 2252 482 2311 et
494 2246 649 2329 Epifanie,
663 2246 811 2312 uenimus
830 2246 862 2310 in
877 2246 1041 2311 ciuitatem
1056 2244 1346 2330 splendidissimam
1361 2245 1446 2328 Apa-

292 2352 400 2429 miam,
424 2353 456 2417 in
480 2372 543 2435 qua
565 2356 616 2418 est
638 2352 741 2418 omnis
764 2351 914 2418 nobilitas
939 2350 1099 2437 Syrorum.

239 2459 281 2523 47
335 2458 495 2524 Dxenntes
532 2459 571 2524 de
602 2458 737 2542 Apamia
768 2458 916 2523 uenimus
948 2458 1118 2524 Antiochia
1149 2457 1279 2536 maiore,
1310 2456 1343 2521 in
1380 2474 1448 2539 qua

292 2564 465 2647 requiescit
494 2570 623 2630 sanctus
646 2564 798 2649 Babyllas
827 2568 860 2630 et
886 2564 951 2629 tre's
974 2564 1111 2649 paruuli,
1134 2568 1246 2631 sancta
1266 2563 1389 2631 Iustina
1412 2567 1449 2627 et

294 2674 422 2737 sanctus
440 2672 584 2737 Iulianus
604 2676 637 2737 et
654 2672 767 2737 fratres
787 2671 965 2750 Maobabei,
985 2671 1044 2737 hoc
1064 2674 1114 2736 eat
1131 2690 1248 2736 nouem
1266 2668 1447 2755 sepulchra,
1468 2694 1498 2734 eo

294 2781 327 2844 et
349 2796 445 2862 super
465 2778 718 2861 uniuscuiusque
737 2777 942 2863 sepulchmm
960 2777 1097 2862 pendent
1114 2780 1272 2843 tormenta
1290 2776 1447 2861 ipsorum.

333 3106 558 3161 lhierosolimam
569 3108 668 3162 omisso
682 3108 750 3163 ina
763 3108 991 3163 hierusolimaBr
1045 3106 1218 3179 permansiG
1254 3108 1405 3177 atempore
1420 3106 1449 3161 G

295 3195 387 3249 calata
405 3195 469 3251 fldei
490 3195 516 3251 G
536 3196 644 3250 conlata
662 3195 715 3251 fide
733 3196 761 3252 R
851 3197 932 3251 beata
952 3196 1069 3251 eufemia
1090 3196 1115 3250 G
1191 3196 1274 3265 3per
1292 3196 1397 3251 cisione
1420 3194 1449 3250 G

296 3284 377 3339 beato
397 3286 527 3339 antonino
546 3300 614 3340 corr.
633 3286 665 3339 aba
683 3285 795 3339 antonio
817 3285 843 3339 G
915 3291 1046 3339 uenerant
1064 3284 1092 3339 R
1149 3286 1168 3339 4
1187 3290 1215 3339 et
1233 3286 1400 3338 sananemnt
1417 3284 1450 3338 R

294 3374 469 3429 hierosolima
486 3372 515 3428 R
585 3376 684 3445 ioppen
702 3374 731 3429 R
803 3374 934 3429 5nbiG
1006 3374 1114 3428 thabita
1135 3373 1190 3429 GR
1262 3390 1332 3443 quae
1350 3372 1449 3427 dorcas

296 3466 396 3519 matesc
415 3464 515 3519 dicitnr
533 3463 561 3518 R
578 3468 668 3519 turcae
689 3464 715 3518 G
752 3466 768 3519 6
789 3480 941 3519 caesaream
955 3464 983 3519 R
1002 3480 1110 3519 cesarea
1127 3462 1268 3534 philipiG
1321 3462 1403 3517 torris
1421 3461 1450 3517 G

297 3552 483 3622 lpaleetinae
501 3552 529 3607 R
600 3552 735 3607 illectum
758 3552 785 3607 G
856 3552 1038 3607 9extulimns
1056 3552 1084 3607 11
1185 3555 1213 3605 et
1231 3568 1280 3621 per
1298 3550 1399 3620 galilea
1420 3550 1450 3605 G

296 3644 430 3712 itemper
448 3642 574 3712 galileam
593 3641 622 3696 R
640 3640 704 3695 inde
722 3640 765 3696 Br
804 3642 837 3697 10
855 3640 1039 3697 dasnrasccG
1095 3641 1275 3695 monasterius
1297 3640 1323 3695 G
1342 3644 1449 3694 etmo-

297 3731 446 3786 naeterium
464 3730 492 3785 R
545 3730 692 3785 miliarium
710 3730 858 3785 seeundum
877 3730 905 3786 Β
953 3732 983 3785 11
1005 3730 1177 3801 uicusqneR
1231 3730 1259 3783 in
1278 3728 1405 3800 quoloco
1422 3729 1450 3783 G
1555 3770 1556 3801 3

300 3822 333 3875 12
352 3819 470 3889 elyopoli
490 3818 517 3873 G
534 3819 662 3890 aeliopoli
679 3819 708 3875 R
770 3821 803 3874 13
823 3836 915 3875 emaza
932 3820 961 3875 R
1033 3818 1121 3891 capud
1142 3819 1169 3875 G
1240 3818 1328 3874 sancti
1346 3834 1397 3872 om.
1421 3817 1450 3871 G
1555 3844 1556 3879 ᾗ

300 3909 333 3963 14
352 3907 577 3978 quem-doleam
595 3924 647 3965 om.
669 3908 696 3963 G
769 3910 802 3964 15
821 3910 873 3964 hoe
892 3912 935 3963 eet
953 3908 1052 3965 om.G
1124 3910 1208 3963 arisae
1227 3909 1255 3964 R
1330 3908 1362 3961 16
1382 3923 1449 3976 epy-

299 3998 402 4053 thamie
422 3997 449 4051 G
467 3997 585 4068 epifama
601 3996 630 4052 R
697 3998 993 4069 uenimus—apamiam
1013 4014 1064 4053 om.
1086 3998 1113 4053 G
1168 3998 1308 4053 ciuitatem
1327 3994 1450 4067 splendi-

300 4086 438 4141 dissimam
457 4086 590 4155 apamiam
608 4086 637 4141 R
692 4089 724 4141 17
744 4088 830 4142 onmis
849 4086 949 4142 omG
1012 4088 1044 4140 18
1065 4086 1169 4140 Deinde
1188 4086 1311 4140 uenimus
1328 4086 1358 4139 in
1377 4085 1451 4139 anti-

301 4176 379 4230 ochia
399 4174 425 4229 G
444 4174 566 4228 anthiam
584 4176 714 4231 maiorem
731 4176 760 4231 11
816 4178 848 4230 19
867 4174 984 4230 babillas
1006 4174 1060 4231 GR
1078 4174 1165 4244 byllas
1183 4175 1227 4228 Be·
1297 4172 1401 4243 pamoli
1423 4172 1451 4227 G

302 4271 330 4318 et
348 4270 414 4319 aare
431 4266 542 4318 sanctus
560 4280 612 4321 om.
634 4264 659 4319 G
749 4266 785 4320 20
804 4268 833 4319 et
850 4265 949 4318 fratres
968 4267 996 4318 et
1013 4263 1154 4317 machabei
1172 4262 1200 4317 R
1290 4264 1331 4317 eet
1349 4278 1401 4319 cm.
1423 4260 1452 4316 G

301 4354 447 4407 armenta
467 4353 494 4408 G
566 4369 657 4407 eornm
675 4354 704 4409 Β
720 4353 827 4407 illorum
848 4353 891 4407 Br
