3125 4942
645 447 864 505 Praelatio.
1296 456 1323 518 V

176 651 258 724 runt,
289 663 472 710 enumerare
505 646 709 728 supersedere
743 666 884 730 possum.
923 647 1028 714 Editio
1061 649 1206 732 princeps
1234 649 1321 714 ador-

177 755 247 816 nata
271 757 321 818 est
344 772 363 816 a
384 751 517 817 Pithoeo
544 753 639 830 1589,
665 753 702 818 de
727 773 789 837 quo
812 754 894 818 libro
918 753 1078 820 rarissimo
1108 756 1182 821 uide
1210 755 1322 822 Toble·

175 879 244 924 rum
263 861 284 923 l.
300 878 328 924 c.
345 878 375 942 p.
396 859 449 926 49.
468 857 573 923 Multo
592 859 695 944 magis
715 860 848 944 uulgata
867 862 933 924 erat
953 861 1050 927 editio
1068 862 1164 930 Andr.
1185 862 1321 939 Schotti‚

177 965 325 1032 Coloniae
348 965 540 1050 Agrippinae
571 967 666 1034 1600.
692 985 788 1048 qnam
816 965 919 1030 denuo
947 966 1082 1032 aliorum
1110 970 1241 1052 suisque
1269 969 1322 1032 ad·

175 1072 391 1138 notationibus
420 1075 545 1137 auctam
575 1071 674 1137 edidit
701 1071 817 1136 Petrus
846 1071 1017 1156 ll'esselinp
1044 1075 1103 1139 sub
1128 1075 1187 1139 hoc
1209 1075 1321 1143 titulo:

175 1177 303 1244 ‘Vetera
331 1177 546 1244 Rnnanonm
574 1179 758 1254 Itinerorio,
786 1181 854 1244 sine
880 1179 1040 1245 Antonini
1064 1180 1202 1262 Anpnsli
1222 1181 1322 1246 Itine-

174 1288 298 1350 rarinni
322 1291 377 1351 etc.
402 1285 647 1349 Amalclninnnri
670 1291 777 1366 1735’,
801 1306 853 1369 pp.
879 1288 1065 1353 535-617.
1094 1288 1201 1352 Prima
1224 1289 1320 1354 editio

175 1393 286 1458 critica
315 1411 387 1458 cnm
416 1394 534 1458 recenti
564 1412 662 1475 eaque
691 1395 930 1458 accuratissima
959 1395 1076 1460 codicis
1099 1395 1235 1458 Parisini
1259 1397 1323 1460 col·

173 1501 294 1565 latione
314 1505 378 1566 est:
396 1500 614 1564 ‘Itc'nerorinrn
628 1501 786 1564 Antonini
798 1501 937 1582 Anpcuti
954 1505 982 1564 et
1000 1501 1323 1582 Hierosolpmitornrnc

174 1629 212 1671 cc
240 1605 329 1670 libris
355 1627 453 1670 mann
479 1607 605 1688 scriptis
633 1607 798 1671 ertidcrnni
828 1605 868 1671 G.
893 1607 1031 1688 Parthen
1058 1613 1086 1672 et
1114 1607 1165 1672 M.
1190 1607 1321 1686 Pinrler,

174 1713 323 1778 Berolini
355 1716 464 1792 18483
498 1715 589 1778 cuius
627 1713 699 1778 libri
736 1715 869 1798 paginas
908 1716 1085 1778 261-290
1121 1713 1321 1779 Itinerarium

173 1821 499 1903 Hierosolymitanum
523 1822 636 1903 explet.

220 1929 291 1994 Hac
320 1928 458 1994 editione
480 1928 601 2012 publici
624 1927 702 1992 iuris
726 1927 810 1992 lacta
833 1927 972 1992 innotuit
994 1929 1074 1992 alter
1097 1929 1203 2004 codex,
1228 1928 1323 1992 Vero·
1338 1923 1367 1987 V

172 2037 285 2101 nensis
313 2038 355 2098 52
380 2035 446 2120 (V),
471 2055 564 2118 quem
598 2035 715 2099 detexit
744 2035 778 2098 Τ.
804 2034 928 2110 Tobler‚
957 2036 995 2099 cf.
1022 2033 1234 2118 Topoproptic
1264 2056 1323 2098 non

172 2141 359 2218 Ierusalem,
378 2141 493 2204 Berlin
511 2145 598 2206 1853
621 2142 646 2205 Ι
658 2163 692 2222 p.
715 2141 818 2218 XIII,
843 2143 964 2223 primus
988 2161 1005 2206 a
1028 2143 1068 2206 D.
1088 2143 1251 2207 Detlelsen
1271 2142 1323 2206 de·

174 2249 333 2332 scriptum
356 2249 535 2332 publicauit
557 2247 599 2312 A.
624 2247 834 2330 Iturtdildrny,
858 2247 963 2312 Beona
986 2249 1223 2330 an·cln’'oiopiqne‚
1246 2269 1323 2312 non-

173 2355 251 2420 -relle
273 2357 362 2433 sirie,
387 2355 485 2418 Poris
507 2359 582 2419 coiit
604 2359 705 2431 1864,
729 2359 783 2432 10,
805 2377 838 2436 p.
862 2359 1028 2421 sto-10⁸.
1054 2355 1233 2438 Descriptio
1253 2355 1323 2420 eius

170 2464 335 2528 inuenitur
363 2462 447 2544 apud
475 2461 758 2545 Reiffersolceidnin,
787 2459 982 2526 Bibliotheca
1006 2467 1138 2543 potrum
1166 2462 1219 2526 lot.
1248 2461 1321 2526 Ital.

170 2570 198 2633 Ι
209 2591 248 2651 p.
273 2573 340 2634 104
362 2589 402 2635 sc.
429 2569 533 2634 Codex
557 2573 606 2633 est
628 2569 888 2634 membranaceus
916 2589 999 2635 saec.
1024 2570 1116 2634 VlllI
1140 2571 1192 2634 uel
1215 2569 1324 2652 potius

170 2677 205 2741 X
230 2677 351 2740 formae
370 2677 535 2760 oblongae,
555 2677 669 2760 longus
689 2676 743 2753 29,
764 2679 783 2740 3
804 2695 864 2753 ειη,
884 2677 970 2740 latus
992 2679 1042 2749 13,
1063 2677 1082 2738 5
1103 2695 1163 2752 cm,
1184 2675 1325 2740 continet

169 2784 253 2848 felia
271 2785 335 2848 276
355 2783 650 2848 duodetricenerum
669 2803 833 2849 uersuum.
854 2783 986 2850 Constat
1004 2783 1161 2848 extribus
1180 2781 1323 2866 partibus

171 2891 213 2954 ab
248 2889 338 2954 initio
372 2890 526 2973 separatis
551 2909 569 2954 a
592 2889 729 2954 diuersis
761 2889 910 2954 manibus
943 2890 1081 2972 scriptia.
1112 2889 1218 2953 Prima
1251 2907 1324 2971 pars

169 2999 229 3061 fol.
268 2999 376 3060 1-99
410 2998 549 3062 continet
579 2996 727 3062 homilias
757 3015 782 3060 s.
813 2995 959 3080 Gregorii
986 3000 1019 3060 et
1050 2996 1129 3060 alios
1163 3013 1324 3060 sermones

170 3103 424 3181 ecclesiasticos,
448 3104 547 3168 altera
570 3104 624 3168 tol.
648 3105 823 3169 loo-225
843 3105 987 3187 regulam
1011 3123 1037 3169 s.
1058 3103 1233 3180 Benedicti,
1257 3121 1325 3166 sen-

170 3211 293 3275 tentias
321 3209 457 3292 Ephrem
483 3209 552 3293 Syri
582 3210 724 3294 aliosque
752 3211 920 3287 tractatus,
945 3210 1040 3274 tertia
1067 3211 1122 3275 Iol.
1148 3211 1324 3274 226-238

170 3317 375 3383 Itinerarium
401 3316 736 3398 Hierosolymitanum‚
760 3316 816 3379 fol.
836 3317 1013 3379 238-240
1033 3315 1179 3380 notitiam
1198 3315 1325 3397 prouin-

172 3425 299 3489 ciarum
325 3423 511 3496 Galliarum,
535 3423 589 3486 Iol.
615 3424 792 3486 240-260
817 3423 984 3506 epistolam
1008 3423 1139 3486 Damasi
1164 3441 1262 3505 papae
1287 3421 1327 3486 ad

173 3553 202 3596 s.
228 3531 460 3614 Hieronymum
491 3530 622 3610 eiusque
651 3549 848 3612 responsum,
874 3529 1008 3611 denique
1037 3529 1179 3593 ordinem
1207 3528 1326 3609 episco-

171 3657 293 3723 porum
326 3637 539 3702 Romanorum
573 3655 674 3718 usque
708 3635 747 3700 ad
781 3634 970 3720 Gregorinm
1005 3636 1135 3699 tertium
1168 3633 1210 3720 (a.
1237 3635 1325 3707 731).

170 3745 251 3810 Duo
276 3744 351 3808 lolia
373 3743 527 3808 itinerarii
552 3743 656 3807 excisa
677 3747 761 3818 sunt,
783 3742 902 3826 singuli
922 3761 1036 3806 uersus
1055 3741 1196 3806 nonnulli
1216 3739 1328 3805 omissi

169 3853 264 3926 sunt,
296 3849 341 3913 ita
368 3854 405 3913 ut
432 3849 510 3913 haee
539 3848 655 3913 desint:
684 3869 713 3931 p.
740 3849 793 3925 26,
821 3849 837 3911 1
863 3866 964 3929 usque
988 3847 1027 3911 ad
1050 3867 1080 3929 p.
1106 3847 1159 3924 30,
1184 3848 1215 3912 8.
1241 3849 1271 3924 5,
1297 3848 1326 3912 t.

171 3961 208 4036 7,
241 3958 294 4022 17.
319 3959 348 4034 8,
377 3959 427 4022 15.
460 3957 509 4034 10,
539 3959 588 4020 15.
619 3957 670 4030 11,
696 3957 726 4018 5.
752 3957 781 4020 6.
814 3956 864 4019 11.
894 3954 994 4018 Versa
1021 3955 1092 4018 uice
1121 3956 1194 4036 post
1216 3973 1247 4036 p.
1275 3956 1326 4030 18,

170 4068 220 4130 22
247 4063 327 4127 Indo
351 4061 485 4144 Sarepta
507 4063 563 4126 mil
592 4061 702 4126 VIIII
719 4063 750 4125 in
776 4063 844 4127 solo
869 4062 976 4126 codiee
1000 4061 1174 4126 Veronensi
1197 4060 1326 4144 legitur.

170 4171 330 4238 Codicem
354 4189 408 4254 pro
433 4189 482 4234 me
507 4170 752 4254 diligentissime
777 4169 918 4233 excussit
940 4169 974 4231 11.
999 4167 1129 4233 Hauler.

219 4277 350 4342 Tertius
378 4277 459 4341 liber
486 4295 580 4342 manu
610 4277 747 4359 scriptus
779 4279 830 4341 est
853 4274 921 4340 cod.
946 4273 1161 4358 Sangallensis
1186 4275 1249 4339 732
1274 4273 1325 4356 (S)
1350 4270 1370 4336 S

167 4403 259 4452 anno
295 4385 357 4448 811
397 4390 551 4462 oneratus,
581 4384 672 4447 cuins
711 4385 857 4448 accurata
897 4382 1067 4464 descriptio
1105 4385 1208 4445 exstat
1243 4381 1327 4462 apud
