3125 4942
540 474 682 527 Petrus
712 472 904 527 diaconus
1231 477 1294 540 117

146 666 182 729 ad
211 686 297 731 mare
325 667 456 732 rubrum
487 669 764 752 appropiaueruut,
793 672 871 733 tunc
899 686 1002 742 mons,
1032 668 1070 732 de
1099 668 1205 733 dextro
1229 668 1296 733 illis

146 772 199 855 qui
228 774 408 856 apparebat,
441 774 472 839 iu
500 776 640 858 proximo
670 776 774 840 factus
804 780 867 851 est;
902 778 935 840 et
965 777 1132 859 iungentes
1166 794 1200 841 se
1232 776 1296 857 ipsi

145 879 242 944 monti
270 882 461 961 perueniunt
488 882 528 947 ad
556 900 653 961 maro,
676 883 761 947 lotus
790 887 898 947 autem
926 883 1044 947 montis
1068 882 1155 947 illius
1180 883 1296 947 excelsi

145 985 181 1049 de
214 986 321 1051 dextro
359 988 423 1051 illis
462 986 611 1053 ueniebat
646 992 679 1053 et
709 1008 796 1053 mare
829 989 867 1054 de
900 990 1044 1063 sinistro;
1078 993 1154 1053 tunc
1187 988 1295 1053 subito

115 1114 127 1152 s
146 1093 293 1158 euntibus
313 1094 360 1159 eis
384 1096 456 1159 ente
479 1095 568 1178 ipsos
593 1096 739 1177 apperuit
761 1096 852 1160 locus
872 1096 951 1179 ipse,
976 1095 1031 1159 ubi
1050 1114 1141 1159 mous
1160 1094 1191 1159 iu
1210 1114 1297 1159 mare

84 1186 90 1206 '
144 1200 303 1285 iungebat,
327 1200 426 1265 immo
445 1201 691 1285 ingrediebatur,
715 1204 752 1266 ut
770 1202 984 1285 promontoria
1001 1201 1132 1269 faciunt.
1157 1201 1295 1284 Campus

145 1310 251 1371 autem
275 1306 354 1389 ipse,
378 1307 433 1373 ubi
457 1306 515 1371 lilii
534 1308 655 1373 Israhel
680 1313 771 1373 nocte
796 1310 852 1373 illa
875 1312 1058 1373 mansemnt
1082 1328 1155 1373 cum
1173 1308 1295 1391 Mopse.

145 1412 286 1478 infinitus
311 1418 361 1479 est
384 1416 415 1479 et
438 1416 586 1498 planities
617 1416 684 1480 eius
713 1415 834 1500 ingens,
870 1415 979 1480 Distat
1006 1436 1082 1481 uero
1109 1416 1210 1490 locus,
1240 1414 1296 1478 ubi

147 1518 300 1583 incumbit
327 1538 417 1583 mons
446 1520 478 1584 iu
507 1540 603 1599 mare,
632 1540 650 1585 a
678 1524 781 1585 castro
806 1520 933 1585 Clesma
954 1540 1070 1603 passus
1094 1520 1295 1603 quingentos.

108 1625 229 1688 soluter
257 1628 397 1691 castrum
426 1630 532 1692 autem
562 1630 594 1692 et
621 1627 728 1711 ipsum
755 1631 896 1693 montem
923 1628 1049 1692 medius
1077 1631 1127 1692 est
1158 1628 1248 1691 locus
1277 1646 1297 1688 a

147 1732 357 1815 promontorio
386 1732 514 1807 montis,
539 1732 594 1798 ubi
617 1733 752 1818 ingressi
777 1736 852 1797 sunt
874 1732 932 1798 filii
956 1733 1077 1797 Israhel
1099 1732 1129 1797 in
1154 1752 1240 1797 maro
1264 1736 1296 1797 et

146 1839 265 1903 Pharao
290 1843 364 1921 post
388 1858 450 1905 eos.
475 1840 639 1905 Traiectus
664 1844 781 1915 autem,
811 1840 867 1903 ubi
890 1841 1084 1934 transierunt
1106 1840 1191 1904 sicco
1215 1839 1296 1921 pede

147 1960 229 2010 mare
252 1946 393 2023 rubrum,
417 1947 514 2011 habet
538 1951 608 2013 octo
632 1948 722 2011 milia
744 1966 861 2029 passus
884 1946 915 2010 in
939 1947 1016 2011 lato.

188 2052 277 2117 blare
296 2056 401 2117 autem
416 2054 545 2119 rubmm
566 2074 627 2121 non
647 2054 685 2119 ob
705 2054 765 2119 hoc
785 2054 881 2118 habet
904 2072 1027 2125 nomen,
1044 2053 1118 2135 quia
1135 2052 1232 2117 rubra
1245 2056 1295 2117 est

110 2176 131 2215 u
148 2176 227 2239 apua
241 2162 297 2223 aut
310 2159 502 2238 turbulenta,
523 2160 578 2225 sed
598 2160 675 2225 adeo
696 2166 746 2225 est
765 2160 917 2243 limpidus
932 2163 965 2224 et
978 2160 1146 2243 perlustris
1162 2163 1193 2223 et
1207 2158 1293 2243 frigi-

148 2263 204 2327 dus
224 2282 260 2327 ac
280 2264 307 2328 si
327 2283 412 2329 mare
428 2263 582 2329 Oceanus.
602 2265 649 2330 Ibi
671 2265 809 2329 elecesse
828 2266 919 2330 nimii
935 2266 1056 2349 saporis
1076 2268 1108 2329 et
1122 2266 1293 2331 suauitatis

148 2375 228 2437 sunt.
267 2371 367 2437 Omne
395 2375 501 2436 sutem
530 2392 629 2456 genus
652 2372 790 2453 piscium
814 2373 845 2437 iu
871 2373 981 2437 eodem
1005 2392 1092 2437 mare
1116 2376 1191 2437 sunt
1213 2374 1292 2437 tanti

148 2478 267 2562 saporis
290 2482 328 2544 ut
349 2479 455 2561 pisces
480 2480 575 2544 maris
598 2479 712 2544 Italici.
737 2480 857 2545 Deinde
881 2481 995 2556 omnia,
1020 2498 1225 2563 quaecuuque
1254 2480 1292 2545 de

147 2606 229 2650 maro
262 2584 434 2650 desiderari
467 2587 580 2663 solent,
608 2586 675 2651 illic
703 2586 742 2649 ad
772 2587 879 2651 cibum
907 2586 1099 2651 habundant
1141 2586 1190 2651 lbi
1218 2590 1293 2650 sunt

108 2712 132 2750 no
148 2692 321 2757 bucchinne
341 2696 374 2757 et
397 2692 552 2775 conchylii
576 2692 703 2757 diuersa
727 2712 852 2776 genera,
877 2692 1005 2757 sloudili
1023 2713 1098 2759 uero
1118 2698 1151 2757 et
1169 2694 1293 2759 cocleae

148 2798 290 2863 diuersae
310 2802 342 2863 et
364 2798 524 2883 ingentem
548 2818 603 2881 per
625 2799 702 2864 litus
727 2806 833 2864 autem
854 2800 922 2865 eius
946 2799 1091 2864 diuersae
1109 2820 1159 2863 res
1177 2800 1292 2875 iacent,

147 2904 200 2969 sed
232 2906 368 2970 maiores
402 2909 434 2970 et
466 2906 661 2987 pulchriores
695 2926 790 2989 quam
823 2908 854 2971 in
883 2908 971 2971 nullo
999 2906 1089 2971 mari.
1132 2906 1292 2972 Corallum

145 3030 216 3075 uero
239 3012 272 3076 iu
296 3012 406 3077 eodem
428 3012 536 3078 littore
559 3013 729 3096 plurimum
756 3016 816 3092 est,
839 3014 908 3097 ipse
932 3016 1038 3078 autem
1057 3034 1143 3077 mare
1161 3014 1291 3079 rubrum

144 3138 213 3201 pars
237 3116 353 3183 Oceani
376 3122 434 3185 ost.

105 3242 127 3282 a
185 3225 355 3289 Desertum
375 3244 449 3290 uero
465 3225 526 3291 Sur
544 3224 690 3291 heremus
710 3231 759 3291 est
777 3226 919 3291 infinitae
937 3226 1177 3310 magnitudinis,
1196 3245 1292 3307 quan-

144 3335 209 3395 tum
228 3336 336 3415 potest
354 3352 493 3415 uuquam
513 3334 606 3399 homo
626 3334 818 3416 conspicere,
838 3338 872 3398 et
890 3352 982 3399 arena
1001 3333 1182 3398 solitudinis
1201 3332 1290 3396 illius

143 3436 393 3514 inaestimabilis,
417 3439 473 3504 ubi
496 3438 601 3503 triduo
625 3440 869 3505 ambulauerunt
892 3441 960 3505 sine
983 3459 1075 3521 aqua.
1113 3438 1141 3502 A
1164 3436 1290 3501 deserto

145 3550 247 3609 autem
272 3544 335 3611 Sur
361 3564 464 3629 usque
492 3546 531 3611 ad
555 3546 663 3611 Marah
692 3549 742 3611 est
764 3548 888 3611 mansio
912 3566 975 3610 una
997 3566 1053 3628 per
1074 3545 1159 3628 ripas
1182 3545 1289 3612 maris.

144 3652 176 3715 lu
199 3652 307 3716 Maron
336 3670 413 3717 uero
442 3652 568 3717 arbores
594 3654 772 3735 palmarum
798 3652 983 3734 paucissimi
1007 3655 1095 3725 sunt;
1125 3654 1201 3716 sunt
1222 3650 1289 3715 illic

106 3780 129 3820 ro
146 3760 175 3822 et
201 3758 262 3823 duo
291 3759 405 3837 fontes,
435 3778 515 3842 quos
542 3758 721 3824 indulcauit
748 3764 878 3825 sauctus
902 3760 1040 3843 Moyses.
1082 3760 1158 3824 Inde
1182 3761 1289 3822 autem

145 3883 195 3945 per
216 3864 358 3931 triduum
378 3865 416 3931 de
441 3866 569 3932 sinistro
594 3868 740 3931 heremus
761 3870 811 3931 est
833 3864 976 3931 infinitus
1000 3884 1102 3949 usque
1120 3866 1152 3929 iu
1170 3864 1289 3942 locum,

175 4108 191 4161 6
202 4106 344 4177 iungebat]
350 4108 475 4176 sortasse
485 4107 660 4163 incumbebat
710 4106 757 4161 ubi
767 4108 953 4177 promontoria
962 4124 1110 4178 perperam
1122 4108 1290 4162 Gamurrini

145 4194 175 4247 12
189 4213 246 4250 cnm
267 4196 306 4249 eis
329 4196 496 4251 Gomorrim'
547 4198 579 4251 13
600 4196 703 4251 abetC
749 4198 781 4251 15
800 4198 989 4268 prelustrisC
1033 4198 1066 4251 16
1084 4196 1145 4250 miri
1167 4197 1288 4251 Gomar-

144 4282 223 4337 rim'.
251 4286 283 4339 18
301 4284 440 4354 ytalici&
492 4286 527 4340 20
546 4285 688 4340 tondiliO
740 4285 988 4356 napulcnoresd
1044 4286 1080 4340 26
1098 4302 1217 4356 unquam
1236 4302 1287 4341 om.

148 4370 308 4427 Ganrorrr'rri
362 4373 396 4429 28
415 4374 501 4445 ripam
523 4374 690 4429 Garsaurrim'
