3125 4942
666 464 797 520 Baeda
1239 469 1305 534 319

151 657 301 725 eduntur.
322 659 395 724 Hoe
417 677 488 724 esse
512 660 577 725 mel
599 660 748 725 siluestre
772 657 898 726 dieitur.
922 659 1045 725 Ibidem
1064 665 1096 726 et
1114 661 1184 726 fons
1203 662 1305 726 saneti

150 769 312 851 baptistae
340 765 488 831 Iohannis
518 766 697 832 ostenditur
723 765 832 830 lueida
859 784 950 848 aqna,
983 766 1109 850 lapideo
1141 771 1305 850 protectus

150 877 249 952 teoto,
273 874 360 938 oaloe
381 873 508 955 perlito.

366 1063 457 1118 XIIIL
476 1063 525 1118 DE
543 1062 666 1119 FONTE
684 1063 796 1122 lacos
815 1065 926 1122 IVXTA
946 1066 1090 1123 SIGHEM.

117 1217 130 1256 ⁵
195 1190 298 1273 Prope
323 1188 487 1255 ciuitatem
511 1189 646 1267 sichem,
672 1210 753 1274 quae
775 1211 859 1258 nuno
881 1193 1032 1277 Neapolis
1058 1193 1184 1274 dieitur,
1204 1195 1303 1260 eoele-

149 1296 200 1361 sia
227 1297 402 1379 quadrifida
429 1301 488 1375 est,
516 1297 578 1362 hoo
606 1298 715 1362 estin
743 1299 846 1364 erneis
874 1300 1005 1365 modum
1034 1301 1127 1380 faeta,
1150 1301 1183 1367 in
1211 1302 1303 1367 ouius

149 1403 256 1469 medio
284 1404 355 1469 fons
382 1403 476 1469 Iacob
504 1404 560 1468 XL
588 1404 707 1469 enbitis
736 1407 832 1482 altus,
862 1408 1005 1472 elabere
1033 1407 1103 1489 ipso
1133 1427 1236 1492 usque
1264 1408 1304 1472 ad

148 1529 313 1575 summum
332 1510 504 1594 digitorum
524 1515 680 1590 extentus,
702 1511 740 1577 de
760 1531 823 1595 quo
837 1512 994 1580 Dominus
1013 1532 1110 1596 aquas
1130 1533 1148 1579 a
1168 1514 1303 1580 Samari-

147 1622 225 1682 tana
247 1617 378 1682 muliere
401 1621 511 1699 petere
532 1617 683 1702 dignatus
707 1621 765 1684 est.

102 1822 127 1861 ro
147 1807 207 1866 XV.
229 1807 281 1862 DE
305 1806 500 1862 TIBERIADE
521 1808 568 1862 ET
588 1808 839 1864 CAPHARNAVM
857 1809 903 1864 ET
922 1809 1115 1866 NAZARETH
1133 1811 1178 1866 ET
1196 1811 1302 1870 LOCIS

569 1895 703 1951 IBIDEM
722 1896 883 1954 SANCTIS.
1060 1899 1062 1904 '

193 2022 298 2087 Looue
320 2021 386 2100 ille,
409 2023 441 2086 in
465 2041 527 2105 quo
546 2022 703 2088 Dominus
726 2043 823 2107 panea
847 2025 1008 2090 benedixit
1031 2029 1064 2090 et
1085 2026 1202 2112 pisces,
1222 2028 1302 2093 eitra

146 2146 235 2192 mare
272 2125 432 2193 Galilaeae
470 2129 510 2193 ad
547 2129 729 2212 aquilonem
766 2131 908 2196 ciuitatis
946 2131 1131 2208 Tiberiadis,
1170 2153 1300 2217 eampus

145 2234 304 2300 herbosus
338 2237 370 2299 et
400 2236 515 2319 planus
548 2255 710 2318 nunquam
744 2255 780 2300 ex
812 2237 867 2302 illo
900 2242 1041 2322 tempore
1070 2244 1186 2318 aratus,
1213 2240 1301 2306 nulla

100 2363 128 2403 rr
146 2341 327 2425 suscipiens
351 2342 502 2420 aedificia,
522 2343 642 2408 fontem
666 2346 801 2418 tantum,
827 2363 862 2408 ex
886 2364 947 2428 quo
972 2350 1048 2410 tuno
1070 2346 1119 2412 illi
1141 2347 1300 2427 biberunt,

147 2451 331 2515 ostendens.
356 2450 419 2529 Qui
438 2470 512 2535 ergo
532 2451 570 2516 ab
589 2451 685 2517 Helia
704 2451 923 2534 capharnaum
942 2456 1089 2538 pergunt,
1108 2473 1163 2538 per
1181 2454 1301 2519 Tiberi-

147 2557 242 2622 adem
274 2557 336 2622 iter
371 2557 498 2636 habent,
531 2557 643 2623 deinde
680 2577 774 2623 secus
811 2577 896 2624 mare
932 2560 1091 2626 Galilaeae
1130 2564 1162 2626 et
1196 2561 1304 2626 lorum

146 2663 379 2729 benedictionis
403 2683 531 2747 panum,
556 2684 574 2729 a
597 2683 659 2747 quo
684 2683 745 2729 non
769 2665 864 2748 longe
890 2665 1108 2749 Capharnaum
1131 2668 1163 2732 in
1188 2667 1303 2733 finibus

148 2769 292 2835 Zabulon
321 2773 354 2834 et
375 2771 547 2852 Neptalim
572 2789 653 2853 quae
680 2790 808 2835 murum
836 2790 897 2838 non
920 2773 1039 2838 habens
1063 2777 1198 2858 angusto
1222 2774 1305 2839 inter

102 2896 129 2936 eo
148 2879 290 2940 montem
314 2878 347 2940 et
370 2879 518 2961 stagnum
543 2876 609 2941 situ
627 2896 683 2959 per
700 2877 893 2941 maritimam
913 2897 999 2943 oram
1019 2879 1169 2944 orientem
1189 2899 1302 2945 uersus

145 2982 242 3066 longo
279 2983 406 3047 tramite
443 2983 651 3066 protenditur,
684 2986 825 3048 montem
863 2984 902 3048 ab
935 2985 1092 3068 aquilone,
1124 2986 1230 3050 lacum
1264 2987 1302 3051 ab

146 3092 258 3153 austro
281 3089 411 3156 habens.

189 3193 352 3260 Nazareth
378 3215 486 3261 muros
519 3215 580 3261 non
613 3195 718 3270 habet,
747 3197 805 3262 sed
837 3217 953 3282 magna
984 3198 1129 3264 aedificia
1160 3198 1302 3281 duasque

145 3301 283 3387 grandes
312 3303 479 3367 ecelesias:
506 3321 571 3367 una
596 3302 629 3366 in
653 3302 757 3367 medio
782 3303 924 3369 ciuitatis
948 3323 1044 3389 supra
1067 3305 1147 3370 duos
1170 3304 1304 3370 fundata

102 3439 127 3478 ee
146 3428 291 3485 canoros,
311 3409 367 3474 ubi
391 3410 548 3492 quondam
571 3409 676 3474 fuerat
699 3410 824 3488 domna,
843 3411 875 3475 iu
900 3431 962 3494 qua
981 3411 1137 3478 Dominus
1161 3412 1301 3476 nutritus

240 3635 253 3688 1
273 3633 389 3689 Adamn.
408 3653 434 3706 p.
454 3637 517 3698 272,
538 3637 551 3690 l
572 3653 607 3690 es.
662 3638 680 3691 4
699 3635 814 3691 Adamn.
829 3654 854 3706 p.
869 3637 930 3702 270,
945 3639 980 3692 5.
1019 3637 1052 3692 10
1069 3635 1184 3691 Adamn.
1199 3654 1226 3707 p.
1240 3637 1302 3702 213,

71 3799 80 3821 ἱ
148 3726 219 3780 iss.
276 3725 311 3778 23
329 3723 446 3779 Adamn.
465 3742 492 3794 p.
512 3724 573 3786 274,
592 3725 609 3778 4
628 3741 664 3778 ss.

184 3849 197 3901 1
218 3847 272 3902 boo
291 3864 319 3900 es
339 3848 424 3901 semel
441 3847 562 3902 siluestri
581 3848 618 3901 M
688 3848 704 3901 2
723 3848 850 3902 iohannis
867 3848 1005 3918 baptistae
1023 3846 1081 3901 PV
1162 3847 1302 3917 baptistae

146 3937 243 3991 om.A
294 3936 487 4005 3perditoM
533 3937 678 4006 dsyohem
697 3936 724 3991 V
770 3939 960 3993 boiuitateA
1015 3935 1155 4006 Neapolis]
1171 3953 1220 3990 neo
1236 3953 1301 4007 apo·

146 4023 228 4079 stolis
242 4025 280 4078 M
331 4023 396 4078 oid
414 4029 457 4080 eet
474 4027 502 4080 A
552 4025 675 4096 figuram
694 4027 823 4080 ecclesiae
839 4026 949 4091 (mora)
965 4025 1071 4080 abibat
1089 4023 1117 4077 P
1171 4025 1204 4080 10
1222 4025 1300 4094 tybe-

145 4113 395 4182 riadeaieaemper
407 4112 494 4168 APV
561 4119 672 4168 nazaret
686 4113 771 4168 APV
841 4113 997 4168 deloeieA
1054 4114 1085 4167 l‘l
1105 4114 1169 4184 iter]
1187 4115 1300 4167 uiamA

149 4205 182 4257 18
202 4203 301 4257 ciuitas
321 4208 387 4256 ante
401 4201 589 4272 capharnaum
604 4203 670 4259 add.
686 4201 748 4266 PV,
765 4201 838 4256 deest
851 4203 974 4258 Adama.
983 4219 1013 4272 p.
1029 4205 1098 4266 273,
1115 4205 1152 4255 18
1206 4203 1240 4256 20
1255 4219 1299 4256 su-

147 4308 196 4362 per
209 4291 247 4345 M
298 4291 391 4345 horam
405 4293 432 4344 A
469 4292 503 4346 23
517 4307 622 4345 murum
636 4291 699 4355 PV,
717 4291 766 4345 aad
781 4291 817 4358 os.
831 4291 954 4346 Adamas.
964 4309 995 4362 p.
1010 4293 1116 4356 mo
1162 4293 1196 4346 24
1210 4293 1300 4345 unaA

147 4383 183 4436 25
203 4379 318 4434 condam
337 4383 364 4435 2.
382 4397 417 4434 m.
436 4380 648 4450 supernos-aptum
665 4383 692 4434 A
