3125 4942
459 441 486 497 S.
516 440 672 494 Siluiae
700 438 981 509 peregrinatio
1251 438 1293 501 89

145 632 212 721 [per
240 636 388 725 alterum]
413 637 585 719 perericns.
615 634 763 718 quoniam
793 636 853 699 hoc
880 635 913 697 in
938 653 975 699 eo
1002 634 1074 698 loco
1100 633 1147 708 fit,
1175 633 1293 716 inquo

143 742 254 826 pridie,
283 742 316 806 id
345 746 393 807 est
421 743 531 825 quinta
554 740 642 815 seria,
672 740 792 805 ohlatio
820 741 905 803 facta
932 743 991 806 est.
1033 739 1078 803 nt
1104 739 1159 802 uhi
1188 744 1295 804 antem
1318 731 1339 793 4

144 854 231 915 serta
260 851 338 915 hora
366 868 400 915 se
423 850 544 927 fecerit,
573 849 619 913 sio
642 849 707 913 itur
730 852 802 912 ante
827 847 971 923 Crucem,
1001 847 1070 911 siue
1093 846 1203 930 pluuia
1226 846 1295 911 sine
1380 878 1387 894 κ

144 962 254 1023 aestus
275 957 327 1033 sit,
352 958 427 1039 quia
445 957 514 1040 ipse
533 958 624 1021 locus
643 954 842 1019 subdiuanus
861 959 921 1032 est,
945 954 977 1017 id
997 956 1048 1017 est
1065 953 1156 1036 quasi
1180 952 1297 1017 atrium

113 1065 237 1129 sualde
271 1064 387 1149 mande
420 1068 452 1128 et
483 1064 653 1145 pulchrum
692 1063 781 1139 satis,
815 1062 899 1143 quod
932 1065 981 1125 est
1016 1062 1099 1124 iuter
1131 1058 1232 1125 Cruce
1265 1063 1298 1123 et

142 1174 311 1236 Anastase.
357 1170 406 1235 lbi
439 1189 513 1254 ergo
549 1170 651 1235 omnis
683 1169 821 1252 populus
854 1187 888 1233 se
922 1168 1061 1251 colliget,
1094 1167 1140 1232 ita
1170 1170 1209 1230 ut
1239 1184 1296 1229 nec

145 1278 261 1359 aperiri
289 1278 401 1360 possit.
442 1277 601 1360 Episcopo
630 1280 738 1341 autem
767 1275 918 1340 cathedra
943 1276 1073 1357 ponitur
1101 1278 1173 1339 aute
1198 1273 1298 1339 Cruce
1322 1270 1342 1330 5

144 1390 176 1451 et
208 1386 248 1449 do
282 1389 371 1450 serta
402 1404 504 1468 usquc
537 1384 576 1448 ad
609 1402 692 1449 nona
724 1383 811 1447 aliud
843 1383 942 1447 nichil
974 1382 1021 1459 fit,
1053 1381 1116 1446 uisi
1147 1383 1300 1464 leguntur

143 1492 300 1557 lectiones
324 1492 385 1556 sio:
409 1492 443 1556 id
467 1496 516 1555 est
538 1492 585 1555 ita
602 1491 722 1575 legitur
739 1491 877 1573 primum
897 1490 936 1553 de
953 1489 1085 1572 psalmis
1104 1489 1299 1570 ubicumque

105 1622 128 1660 ro
146 1598 183 1663 de
215 1596 365 1681 passione
399 1597 487 1677 dixit,
520 1596 640 1682 legitur
667 1600 699 1662 et
726 1597 764 1661 de
798 1596 953 1679 apostolis
986 1596 1055 1659 siue
1083 1596 1121 1658 de
1154 1594 1300 1678 epistolis

145 1706 365 1787 apostolorum
383 1705 436 1769 orel
456 1705 494 1768 de
519 1702 706 1777 actionibus,
727 1703 921 1785 ubicumque
945 1703 983 1767 do
1005 1703 1153 1785 passione
1173 1700 1301 1766 Domini

145 1813 302 1889 dixerunt,
330 1830 471 1877 necnon
496 1816 529 1876 et
552 1813 590 1875 do
615 1812 790 1895 euangeliis
813 1811 966 1894 leguntur
986 1810 1066 1884 loca,
1092 1808 1147 1872 uhi
1169 1808 1300 1890 patitur.

143 1921 225 1984 Item
253 1919 374 2003 legitur
402 1919 439 1983 de
468 1919 641 2001 prophetis,
672 1918 727 1982 ubi
755 1936 924 2000 passurum
952 1916 1122 1980 Dominum
1146 1915 1300 1989 dixerunt,

143 2029 222 2091 item
251 2026 372 2109 legitur
401 2026 439 2089 de
463 2025 648 2108 euangeliis,
676 2025 733 2088 ubi
757 2024 795 2088 dc
818 2024 967 2105 passione
991 2023 1079 2087 dicit.
1120 2023 1168 2087 Ac
1192 2023 1238 2086 sio
1262 2024 1300 2087 ah
1325 2018 1344 2082 6

104 2135 223 2198 1⁵hora
261 2136 350 2197 serta
385 2150 488 2215 usque
525 2132 565 2197 ad
601 2132 710 2197 horam
749 2150 864 2195 nouam
905 2149 1032 2213 semper
1067 2130 1115 2193 sic
1150 2130 1303 2213 leguntur

143 2240 300 2304 lectiones
325 2240 380 2302 aut
404 2238 552 2303 dicuntur
573 2238 672 2321 ymni,
697 2241 734 2301 ut
757 2238 942 2302 ostendatur
965 2237 1050 2301 omni
1073 2238 1203 2320 populo,
1228 2237 1303 2319 quia

146 2346 300 2429 quicquid
332 2344 477 2409 dixerunt
514 2346 686 2429 prophetae
722 2345 869 2409 futurum
907 2344 946 2408 de
983 2345 1131 2427 passione
1162 2342 1302 2420 Domini,

146 2451 335 2517 ostendatur
365 2452 431 2514 tam
463 2470 520 2532 per
552 2450 719 2535 euangelia
751 2468 847 2531 quam
876 2451 972 2514 etiam
1000 2470 1057 2533 per
1083 2453 1303 2532 apostolorum

146 2559 322 2640 scripturas
351 2558 472 2621 iactum
501 2576 582 2622 esse.
624 2558 666 2621 Et
694 2557 741 2622 sic
772 2576 828 2639 per
855 2556 928 2621 illas
956 2562 1021 2621 tres
1049 2558 1142 2622 horas
1172 2556 1304 2620 docetur

105 2683 128 2721 no
146 2665 285 2748 populus
311 2665 412 2729 omnis
435 2664 535 2729 nichil
558 2665 679 2728 factum
699 2682 780 2740 esse,
806 2664 892 2745 quod
916 2683 976 2727 nou
1000 2664 1089 2747 prius
1108 2663 1230 2728 dictum
1249 2664 1302 2739 sit,

146 2776 177 2837 et
195 2770 296 2866 nichil
316 2770 436 2835 dictum
456 2790 537 2849 esse,
557 2770 641 2853 quod
659 2790 720 2835 non
739 2774 844 2835 totum
864 2770 1057 2852 completum
1073 2770 1125 2837 sit.
1147 2769 1152 2855 Ι
1174 2770 1305 2853 Semper
1350 2758 1416 2849 [68]

148 2882 255 2943 autem
284 2878 529 2960 interponuntur
557 2880 724 2953 orationes,
754 2897 834 2961 quae
858 2878 1015 2944 orationes
1040 2882 1073 2943 et
1098 2878 1188 2960 ipsae
1212 2881 1303 2960 aptae

149 2986 212 3050 diei
247 2988 332 3050 sunt.
373 2985 423 3049 Ad
456 2985 600 3069 singulas
630 2989 736 3050 autem
763 2985 918 3050 lectiones
948 2989 981 3049 et
1008 2986 1165 3050 orationes
1193 2982 1346 3048 tantus?

149 3094 285 3157 affectus
319 3096 351 3156 et
383 3092 524 3177 gemitus
557 3091 658 3158 totius
690 3092 802 3175 populi
835 3096 895 3169 est,
928 3095 966 3157 ut
996 3092 1113 3156 mirum
1140 3092 1196 3166 sit3
1230 3110 1304 3155 nam

106 3220 130 3258 n
149 3200 260 3264 nullus
289 3202 339 3263 est
365 3216 468 3280 nequo
496 3198 598 3262 maior
625 3218 727 3281 neque
755 3200 869 3277 minor,
902 3199 956 3281 qui
984 3216 1045 3263 non
1072 3198 1129 3262 illa
1156 3196 1207 3261 die
1238 3195 1303 3259 illis

149 3307 254 3372 trihus
287 3305 374 3369 horis
408 3308 532 3370 tantum
564 3307 678 3387 ploret,
717 3313 870 3388 quantum
904 3324 961 3370 nec
994 3304 1156 3370 aestimari
1185 3305 1303 3385 potest,

149 3412 324 3478 Dominum
348 3432 404 3495 pro
428 3412 520 3476 uobis
545 3432 581 3476 ea
603 3431 734 3494 passum
758 3414 869 3479 fuisse.
893 3413 973 3477 Post
990 3413 1051 3476 hoo
1071 3430 1143 3475 oum
1167 3407 1306 3491 eoeperit

152 3540 187 3585 se
215 3521 279 3583 iam
308 3518 386 3584 hora
408 3538 490 3585 uuna
512 3520 626 3595 facere,
654 3519 773 3603 legitur
796 3519 859 3583 iam
883 3519 938 3583 ille
960 3520 1051 3584 locus
1075 3518 1113 3582 de
1137 3514 1304 3598 euangelio

153 3631 225 3693 cata
241 3626 424 3706 Iohannem,
448 3626 504 3689 uhi
528 3625 667 3691 reddidit
692 3626 854 3709 spiritnm;
880 3644 942 3709 quo
961 3625 1044 3690 lecto
1068 3625 1132 3688 iam
1149 3622 1187 3689 fit
1205 3622 1304 3686 oratio

243 3852 278 3906 28
299 3850 332 3906 cf.
351 3850 409 3907 Ioh.
430 3850 472 3913 19,
492 3850 527 3905 30

191 3994 204 4048 1
225 4010 273 4063 per
292 3992 407 4047 alterurn
425 4008 473 4062 per
492 3990 605 4045 altarum
626 3990 843 4061 dittoprapdiam
862 3991 991 4059 copnouit
1012 3988 1188 4043 Cholodnioh
1206 3988 1306 4041 transit

151 4099 201 4152 per
220 4099 303 4136 unum
323 4082 422 4135 ostium
441 4082 546 4134 intrans
564 4096 613 4149 per
632 4080 760 4134 alterum:
779 4096 829 4151 per
848 4080 962 4134 alterum
982 4079 1122 4149 perexiens
1140 4077 1307 4131 Gumarrini

152 4174 265 4227 ‹lestus
284 4173 312 4225 A
366 4168 532 4237 tgrandem
551 4170 578 4222 A
634 4168 667 4223 10
688 4168 731 4224 dii
751 4170 778 4222 A
870 4168 993 4239 apostolo
1012 4172 1039 4221 A
1059 4166 1189 4237 apostolis
1207 4166 1306 4234 scripsi

154 4264 189 4316 14
208 4261 363 4331 passionem
382 4258 450 4313 dicit
468 4260 495 4313 A
514 4256 547 4311 dc
566 4258 692 4327 passione
712 4257 780 4312 dicit
798 4257 899 4328 empti
934 4259 967 4311 21
989 4261 1061 4311 esset
1080 4258 1107 4310 A
1148 4256 1182 4308 22
1203 4258 1266 4326 apte
1278 4255 1306 4308 A

153 4353 188 4407 26
209 4348 333 4404 extimari
352 4348 380 4401 A
434 4348 467 4402 27
489 4347 591 4419 opperit
609 4348 636 4400 A
