3125 4942
263 410 304 473 42
558 404 713 459 Itinera
740 404 1110 474 Hierosolymitana

262 606 351 686 petra
373 602 484 686 ingens
505 606 554 667 est
572 622 627 685 per
651 602 752 687 girum
778 601 897 668 babens
920 601 1084 685 planitiem
1109 621 1204 686 supra
1228 621 1271 680 se,
1295 602 1409 685 inqua

263 710 391 775 stetisse
416 710 563 775 dicuntur
586 710 650 793 ipsi
674 709 790 784 sanoti;
814 730 886 775 nam
911 710 997 775 etin
1020 709 1125 775 medio
1148 709 1193 775 ibi
1218 709 1308 791 quasi
1331 710 1409 773 alta-
1434 753 1437 760 -

261 818 344 883 rium
368 818 406 883 de
432 816 592 901 lapidibus
616 815 736 881 factum
764 816 869 882 babet.
907 817 1024 881 Lectus
1048 819 1098 882 est
1120 835 1194 898 ergo
1219 820 1251 881 et
1274 816 1318 880 ibi
1341 816 1408 898 ipse

261 924 351 991 loeus
376 923 414 989 de
441 924 522 989 libro
546 923 651 1005 Moysi
674 928 706 988 et
730 923 834 988 dictus
859 942 941 988 unus
971 924 1113 1006 psalmus
1135 926 1229 1006 aptus
1258 924 1343 999 looo;
1372 942 1408 989 ac

262 1031 308 1097 sic
331 1032 416 1095 iacta
439 1031 578 1096 oratione
603 1029 826 1095 descendimus
848 1030 931 1094 inde.
1440 1060 1455 1096 s

218 1140 236 1202 5
306 1140 387 1204 11666
416 1141 447 1204 et
475 1138 580 1221 eoepit
611 1138 674 1203 iam
708 1156 777 1203 esse
811 1138 888 1203 bora
920 1136 1052 1202 forsitan
1086 1142 1207 1207 octaua
1240 1142 1273 1203 et
1306 1138 1409 1203 adbuc

261 1246 351 1312 nobis
385 1245 575 1328 superabant
607 1245 696 1309 milia
726 1244 797 1321 tria,
835 1248 871 1309 ut
907 1245 1119 1326 perexiremus
1151 1249 1276 1311 montes
1309 1246 1409 1329 ipsos,

261 1373 341 1437 quos
371 1352 503 1436 ingressi
526 1352 688 1416 fueramus
717 1351 817 1435 pridie
846 1370 929 1427 sera;
958 1352 1098 1417 sednon
1122 1352 1193 1435 ipsa
1216 1356 1303 1434 parte
1327 1354 1409 1417 enire

260 1461 464 1537 habebamus,
484 1478 546 1542 qua
564 1458 805 1535 intraueramus‚
826 1460 911 1523 siout
929 1459 1074 1541 superius
1095 1458 1168 1534 dini,
1188 1459 1263 1540 quia
1280 1478 1410 1524 neeesse

260 1586 318 1632 nos
344 1569 410 1631 erat
434 1569 467 1631 et
492 1568 562 1631 loca
586 1566 691 1630 omnia
716 1569 826 1630 sancta
849 1566 1010 1630 ambulare
1033 1569 1065 1629 et
1093 1565 1293 1642 monasteria,
1317 1586 1410 1648 quae·
1431 1599 1458 1636 ιο

261 1692 397 1755 cumque
417 1676 505 1737 erant
526 1672 582 1751 ibi,
607 1671 714 1737 uidere
739 1676 771 1736 et
795 1674 841 1737 sio
859 1672 899 1735 ad
917 1673 1012 1737 uallis
1031 1672 1129 1748 illius,
1149 1692 1243 1755 quam
1263 1674 1410 1755 superius

261 1780 335 1858 dixi,
356 1783 453 1863 eaput
475 1778 566 1857 exire,
587 1779 618 1843 id
643 1784 692 1843 est
715 1779 812 1843 huius
831 1779 937 1854 uallis,
957 1798 1037 1861 quae
1056 1779 1202 1844 subiacet
1219 1780 1320 1845 monti
1340 1781 1410 1845 Dei.

219 1887 239 1950 6
263 1888 433 1971 Propterea
453 1890 560 1951 autem
581 1886 620 1950 ad
639 1891 735 1968 caput
757 1886 858 1969 ipsius
882 1886 977 1951 uallis
998 1886 1080 1951 exire
1103 1905 1161 1953 nos
1183 1906 1313 1952 necessa
1332 1893 1409 1963 erat,

265 1994 413 2077 quoniam
436 1994 479 2059 ibi
505 1998 593 2058 erant
616 1994 808 2059 monasteria
829 1993 967 2077 plurima
985 1997 1166 2059 sanctorum
1189 1994 1354 2058 hominum
1379 2000 1412 2057 et

264 2101 398 2167 ecclesia
420 2101 452 2165 in
478 2120 514 2166 eo
537 2101 619 2179 1666,
643 2100 699 2165 ubi
723 2104 773 2165 est
795 2100 909 2177 rubus3
934 2099 988 2183 qui
1011 2100 1111 2164 rubus
1133 2118 1236 2183 usque
1259 2100 1291 2164 in
1315 2099 1410 2165 hodie
1433 2129 1459 2167 m

220 2208 238 2271 7
263 2209 355 2273 rriuet
378 2211 410 2273 et
433 2210 540 2273 mittet
563 2208 731 2292 uirgultas.
754 2208 801 2272 Ac
824 2207 871 2272 sic
894 2225 968 2291 ergo
992 2207 1200 2290 perdescenso
1223 2210 1331 2273 monte
1350 2209 1411 2272 Dei

263 2315 466 2397 peruenimus
496 2314 534 2379 ad
562 2314 674 2379 rubum
703 2314 781 2377 hora
806 2312 940 2378 forsitan
969 2312 1101 2378 decima.
1138 2314 1201 2378 Hie
1224 2317 1274 2379 est
1301 2319 1409 2379 autem

263 2422 373 2499 rubus,
394 2442 487 2505 quem
512 2422 658 2503 superius
679 2420 751 2500 diri,
776 2421 815 2486 de
834 2440 896 2502 quo
914 2421 1042 2486 locutus
1062 2424 1112 2485 est
1130 2421 1286 2487 Dominus
1304 2421 1409 2505 Moysi

262 2528 294 2593 in
322 2529 405 2612 igne,
431 2528 485 2611 qui
509 2532 559 2592 est
586 2528 617 2592 in
642 2548 677 2594 66
705 2530 787 2603 1666,
816 2528 871 2592 ubi
898 2528 1090 2593 monasteria
1116 2534 1193 2593 sunt
1218 2530 1355 2611 plurima
1379 2536 1411 2595 et

263 2636 397 2699 ecelesia
425 2635 455 2699 in
481 2635 583 2719 capite
607 2634 702 2699 uallis
730 2635 841 2718 ipsius.
877 2637 959 2699 Ante
986 2635 1088 2717 ipsam
1112 2640 1219 2700 autem
1242 2636 1409 2701 ecclesiam
1430 2666 1461 2703 20

150 2741 215 2833 [35]
263 2742 375 2805 hortus
395 2745 444 2807 est
462 2742 674 2825 gratissimus,
698 2742 739 2805 ha
759 2740 763 2825 l
784 2742 861 2806 bens
881 2760 995 2824 aquam
1014 2740 1166 2823 optimam
1186 2740 1410 2831 abundantem,

219 2850 238 2915 8
263 2848 294 2911 in
314 2866 376 2930 quo
399 2848 491 2912 horto
514 2847 584 2929 ipse
603 2848 701 2911 rubus
722 2853 781 2911 est.
807 2847 909 2913 Locus
929 2847 1024 2911 etiam
1044 2846 1223 2911 ostenditur
1244 2846 1290 2910 ibi
1313 2848 1410 2919 iuxta,

264 2954 319 3017 ubi
343 2956 433 3020 stetit
457 2959 586 3019 sanctus
605 2954 746 3037 Moyses,
771 2953 895 3036 quando
919 2954 946 3018 ei
968 2953 1046 3018 dixit
1064 2953 1166 3017 Deus:
1192 2953 1307 3018 solue
1332 2973 1411 3019 cor·

264 3062 409 3145 rigiam
437 3060 700 3126 calciamenti
729 3060 791 3123 tui
819 3064 852 3123 et
879 3063 992 3125 cetera.
1034 3060 1075 3123 Et
1107 3060 1136 3124 in
1166 3080 1203 3125 eo
1232 3080 1306 3145 ergo
1339 3061 1410 3127 loeo

264 3187 337 3233 cum
365 3168 632 3251 peruenissemus‚
661 3167 738 3231 hora
762 3166 885 3231 decima
907 3170 975 3231 erat
996 3166 1059 3230 iam
1083 3171 1116 3232 et
1138 3166 1221 3245 ideo,
1245 3168 1320 3251 quia
1346 3168 1410 3233 iam
1429 3200 1460 3239 as

265 3292 334 3339 sera
352 3277 428 3353 erat,
449 3274 642 3339 oblationem
661 3274 764 3338 faeere
783 3292 844 3337 non
863 3273 1036 3357 potuimus.
1062 3271 1125 3339 Sed
1142 3274 1228 3338 facta
1242 3278 1292 3339 est
1311 3274 1409 3339 oratio

264 3381 294 3444 in
321 3381 455 3445 ecelesia
483 3399 541 3445 nee
564 3399 626 3445 non
651 3380 746 3445 etiam
771 3384 803 3443 et
830 3380 860 3443 in
889 3381 981 3446 berto
1010 3380 1050 3444 ad
1076 3380 1204 3456 rubum3
1232 3381 1338 3445 lectus
1362 3385 1411 3445 est

265 3488 359 3551 etiam
383 3488 475 3553 locus
498 3488 567 3569 ipse
592 3487 630 3551 de
652 3486 732 3552 libro
756 3486 861 3569 Moysi
888 3488 976 3552 iuxta
998 3487 1273 3561 consuetudinem;
1298 3487 1410 3563 etsie,

264 3592 339 3675 quia
357 3611 426 3657 sera
441 3596 517 3669 erat,
537 3592 740 3677 gustabimus
755 3592 847 3657 nobis
866 3594 936 3658 loco
956 3594 987 3657 in
1006 3593 1097 3657 horto
1117 3597 1189 3657 ante
1207 3592 1323 3657 rubum
1337 3612 1409 3658 curn

353 3836 386 3890 23
406 3834 489 3891 Exod.
509 3837 534 3898 3,
555 3840 571 3889 b

299 3962 316 4013 4
335 3960 386 4015 heo
405 3961 453 4015 6661
465 3961 483 4013 b
500 3960 603 4016 lineola
616 3960 754 4029 perducta
773 3960 861 4015 deleto
874 3961 900 4013 A
937 3962 953 4015 6
974 3961 1047 4031 cepit
1064 3962 1104 4015 sic
1116 3976 1198 4028 caepe
1212 3962 1238 4014 A
1276 3961 1371 4030 9quia
1384 3967 1411 4015 A

265 4066 318 4118 qua
340 4048 507 4103 Gamurrc'ue'
598 4050 630 4104 10
650 4066 817 4119 quecumque
837 4053 862 4101 A
951 4050 982 4103 ll
1003 4048 1048 4119 ad]
1069 4054 1117 4103 ant
1134 4053 1161 4103 A
1181 4048 1214 4103 ad
1232 4050 1334 4119 sedes·
1351 4067 1412 4104 eum

267 4137 433 4192 Gaururra'ni
452 4142 492 4205 (2)
533 4140 565 4192 12
584 4138 684 4192 urentis
705 4139 730 4191 A
749 4138 836 4191 monti
855 4138 1012 4191 eooeadouit
1033 4137 1199 4191 Gamurrim'
1242 4140 1273 4191 1?
1293 4143 1336 4192 est
1353 4140 1414 4207 ipse

265 4226 366 4281 addidi
380 4226 518 4295 probante
531 4226 679 4281 Beruordo
716 4228 750 4280 29
765 4227 853 4280 locum
867 4227 895 4279 A
912 4226 971 4280 loeo
986 4227 1043 4294 ipse
1055 4227 1163 4294 scripsi,
1182 4227 1217 4294 ef.
1233 4226 1308 4281 Kn't.
1323 4228 1412 4281 Beitr.

260 4318 348 4385 p.12‚
363 4316 503 4384 probante
520 4315 669 4369 Bernordo
689 4316 860 4385 gustauimus
879 4315 1078 4384 aliquantulum
1096 4316 1166 4369 coeti.
1188 4315 1355 4371 Gamurrs'm'
