3125 4942
585 1191 748 1269 (nrvnrl
776 1191 969 1274 DESVNT)

192 1477 447 1544 ostendebantur
483 1476 570 1540 iuxta
607 1474 792 1558 scripturae.
842 1475 967 1541 Interea
1003 1475 1203 1540 ambulantes
1240 1494 1348 1559 perue-
1395 1476 1464 1566 [31]

193 1585 305 1649 nimus
335 1584 374 1648 ad
402 1582 558 1665 quendam
590 1582 707 1659 locum,
741 1582 796 1645 ubi
830 1600 864 1646 se
891 1583 995 1647 tamen
1024 1585 1149 1647 montes
1175 1581 1235 1656 illi,
1267 1582 1351 1646 inter

139 1720 153 1757 a
194 1710 280 1773 quos
304 1690 441 1764 ibamus,
466 1688 649 1771 aperiebant
672 1691 705 1751 et
726 1687 885 1752 faciehant
907 1688 1025 1752 uallem
1049 1688 1204 1753 infinitam
1226 1688 1349 1771 ingena,

193 1796 417 1880 planissimam
447 1798 478 1860 et
511 1794 603 1859 ualde
635 1794 812 1877 pulchram,
845 1803 877 1859 et
908 1798 995 1859 trans
1028 1795 1147 1860 uallem
1179 1795 1352 1878 apparebat

192 1922 291 1969 mons
325 1907 453 1967 sanctus
486 1902 545 1966 Dei
580 1900 673 1983 Syna.
706 1900 767 1966 Hic
801 1905 908 1965 autem
939 1901 1040 1979 locus,
1072 1902 1129 1967 ubi
1160 1921 1195 1967 se
1226 1905 1350 1967 montes

194 2009 393 2094 aperiebant,
430 2010 557 2073 iunctus
592 2012 641 2072 est
673 2026 746 2073 oum
779 2026 816 2072 eo
853 2008 935 2084 loco,
970 2028 1032 2091 quo
1070 2012 1144 2073 sunt
1179 2008 1350 2074 memoriae

195 2114 486 2198 concupiscentiae.
534 2112 569 2177 ln
602 2132 639 2177 eo
674 2132 748 2197 ergo
785 2113 857 2178 loco
891 2132 962 2179 cunr
999 2114 1138 2190 uanitur,
1177 2118 1215 2179 ut
1244 2118 1393 2183 tamena

139 2252 172 2291 ιο
196 2226 464 2289 commonuerunt
496 2218 684 2283 deductores
724 2219 827 2283 sancti
864 2219 924 2293 illi,
962 2220 1017 2302 qui
1053 2219 1220 2286 nobiscum
1251 2228 1350 2297 erant,

195 2329 357 2393 dicentes:
400 2326 596 2391 consuetudo
638 2329 697 2401 est,
741 2329 778 2389 ut
813 2323 870 2391 liat
906 2326 957 2391 hio
996 2327 1095 2391 oratio
1133 2327 1171 2392 ab
1209 2326 1259 2390 his
1296 2327 1351 2409 qui

196 2436 344 2511 ueniunt,
369 2432 492 2515 quando
518 2432 555 2497 do
580 2452 615 2497 eo
639 2433 709 2497 loco
734 2432 883 2515 primitus
907 2432 1035 2498 uidetur
1057 2452 1147 2499 mons
1167 2433 1241 2497 Dei:
1267 2432 1352 2499 sicut

196 2548 233 2607 et
271 2560 328 2607 nos
366 2540 508 2605 fecimus.
553 2539 701 2605 Habebat
737 2544 844 2603 autem
877 2539 915 2604 de
952 2559 989 2604 eo
1026 2540 1097 2605 loco
1136 2540 1175 2605 ad
1210 2543 1350 2605 montem

196 2648 261 2713 Dei
290 2648 421 2713 forsitan
450 2649 599 2729 quattuor
627 2644 715 2709 milia
743 2649 849 2710 totum
876 2665 933 2727 per
959 2646 1044 2711 ualle
1071 2646 1136 2722 illa,
1165 2666 1259 2728 quam
1289 2647 1352 2711 diri

141 2783 172 2825 ιθ
196 2756 322 2839 ingens.

246 2862 349 2926 Vallis
382 2864 487 2927 autem
520 2861 591 2944 ipsa
622 2860 733 2945 iugens
767 2864 818 2925 est
848 2859 954 2940 ualde,
986 2861 1092 2926 iacens
1126 2861 1236 2926 subter
1266 2862 1395 2931 latusl

196 2970 319 3034 montis
343 2968 414 3046 Dei,
440 2987 519 3051 quae
547 2968 643 3031 hahet
667 2967 811 3041 forsitan,
835 2970 988 3049 quantum
1016 2967 1182 3049 potuimus
1205 2968 1351 3033 uidentes

197 3076 369 3139 aestimare
398 3077 454 3138 aut
484 3072 546 3156 ipsi
575 3072 731 3147 dicebant,
765 3072 797 3135 in
830 3074 925 3157 longo
957 3073 1048 3137 milia
1079 3093 1192 3158 passos
1220 3074 1352 3139 forsitan

197 3181 354 3257 sedecim,
379 3181 410 3245 in
433 3180 498 3245 lato
518 3182 625 3245 autem
645 3182 796 3261 quattuor
813 3179 903 3243 milia
922 3198 992 3245 esse
1011 3181 1223 3264 appellabant.
1245 3181 1352 3262 Ipsam

146 3318 176 3357 ao
198 3306 276 3373 ergo
305 3286 423 3351 uallem
447 3304 505 3350 nos
529 3288 705 3349 trauersare
728 3285 935 3363 habebamur,
965 3288 1003 3349 ut
1028 3286 1189 3369 possimus
1212 3290 1353 3351 montem

196 3393 334 3478 ingredi.
370 3393 459 3457 Haeo
483 3397 532 3457 eat
560 3394 665 3457 autern
694 3391 790 3455 uallis
813 3392 924 3477 ingens
949 3396 982 3456 et
1009 3393 1205 3475 planissima,
1233 3394 1266 3458 in
1290 3412 1353 3475 qua
1376 3404 1396 3465 2

197 3502 258 3566 lilii
281 3500 403 3566 Israhel
426 3498 612 3563 commorati
641 3500 716 3561 sunt
739 3496 789 3562 his
814 3498 937 3574 diebus,
963 3499 1047 3581 quod
1070 3502 1199 3565 sanctus
1221 3500 1351 3583 Moyses

198 3606 345 3673 ascendit
375 3606 408 3669 in
441 3608 581 3669 montem
611 3603 748 3681 Domini,
777 3607 810 3668 et
836 3604 898 3669 fuit
930 3604 976 3669 ibi
1005 3606 1212 3689 quadraginta
1239 3606 1352 3671 diebus

38 3779 44 3802 ‚
198 3720 232 3779 et
251 3712 462 3797 quadraginta
485 3710 642 3775 noctibus.
666 3710 753 3775 Haeo
773 3714 823 3775 est
846 3715 953 3777 autem
977 3712 1083 3787 uallis,
1106 3712 1138 3776 in
1162 3731 1225 3795 qua
1247 3712 1352 3777 factus

37 3871 42 3896 ,
149 3852 176 3891 aa
198 3826 250 3886 est
274 3820 409 3898 uitulus,
434 3819 488 3902 qui
516 3820 607 3884 locus
635 3836 737 3899 usque
767 3818 800 3882 in
827 3816 921 3882 hodie
950 3819 1142 3893 ostenditur;
1171 3839 1243 3883 nam
1270 3819 1351 3902 lapis

198 3927 329 4013 grandis
352 3924 397 3989 ibi
421 3924 501 3989 finus
526 3927 590 3990 stat
612 3923 644 3988 in
668 3914 738 4006 ipso
762 3923 843 3990 loco.
868 3924 957 3989 Haec
981 3944 1054 4008 ergo
1080 3925 1175 3989 uallis
1198 3925 1269 4008 ipsa
1292 3929 1352 4003 est,

292 4084 308 4137 8
329 4082 364 4137 cl.
383 4082 463 4139 Num.
484 4082 527 4143 11,
547 4082 582 4136 34
636 4081 670 4135 22
690 4078 722 4134 ol.
742 4079 827 4135 Exod.
847 4081 892 4143 24,
914 4081 947 4135 18
996 4084 1032 4135 ‘24
1052 4082 1084 4136 of.
1104 4080 1187 4136 Erod.
1208 4082 1242 4136 32

238 4192 250 4245 l
280 4191 401 4243 nutrieris
427 4190 537 4243 caucius
561 4188 677 4241 inclusis
703 4188 734 4240 ia
760 4188 885 4256 ancrrpine
911 4188 1078 4242 inclinantur
1101 4190 1226 4257 popinae
1250 4187 1351 4241 codicis

199 4284 282 4334 eser
302 4280 328 4333 A
349 4296 377 4333 se
399 4277 566 4333 Garnurrim‘
585 4280 625 4341 (2)
646 4280 670 4329 ct
690 4274 758 4330 Sica
849 4276 1044 4345 6planissima
1062 4277 1089 4330 A
1176 4278 1286 4330 lmona
1307 4276 1350 4329 «lei

202 4376 313 4423 sanctus
334 4368 408 4437 Syna
429 4365 605 4421 Cholodm'uh
659 4366 741 4433 Squi
761 4365 788 4417 A
844 4366 877 4417 18
897 4367 1068 4419 estimarent
1120 4365 1153 4418 23
1171 4365 1290 4431 sortasse
1308 4364 1351 4417 oei
