3125 4942
522 476 549 531 S.
579 476 733 532 Siluiae
760 479 1040 548 peregrinatio
1314 486 1356 549 53

203 674 256 736 est
289 691 380 753 equs,
414 691 507 754 quam
537 670 624 736 dedit
656 675 786 737 sanctus
814 672 944 757 Moyses
976 673 1050 740 filiis
1078 677 1200 743 Israhel
1231 678 1263 743 in
1296 679 1356 744 hac

202 779 344 845 heremo.
390 778 488 842 Facta
520 782 568 843 est
602 797 675 862 ergo
708 779 795 843 iuxta
827 780 1090 846 consuetudinem
1122 782 1167 847 ibi
1196 784 1295 849 oratio
1325 789 1357 850 et
1388 790 1408 852 3

202 885 301 949 lectio
324 886 396 967 ipsa
420 884 457 949 de
481 884 571 949 libris
595 885 700 969 Moysi
724 886 817 963 lecta,
846 886 952 952 dictus
976 889 1073 953 etiam
1095 889 1238 973 psalmus
1260 912 1354 971 unus,

203 996 239 1057 et
262 992 309 1057 sio
333 992 430 1056 simul
450 1010 522 1055 cum
547 991 612 1055 illis
637 992 755 1057 sanctie
775 992 900 1057 clericis
920 997 953 1058 et
974 996 1148 1075 monachis,
1172 998 1227 1080 qui
1250 998 1355 1064 uobis-

164 1116 277 1163 scum
306 1100 466 1174 uenerant,
495 1096 707 1181 pereriuimus
737 1098 776 1162 acl
805 1104 955 1166 montem.
997 1102 1093 1166 Multi
1123 1107 1227 1167 autem
1258 1108 1290 1169 et
1318 1124 1355 1170 ex

201 1204 284 1287 ipsis
308 1204 472 1269 monachis
497 1204 626 1283 sanetis,
651 1204 704 1287 qui
728 1205 772 1270 ibi
794 1208 1035 1273 commanebant
1058 1210 1145 1275 iuxta
1169 1230 1250 1293 aque
1272 1212 1352 1295 ipse,

202 1312 258 1395 qui
291 1314 397 1377 temen
429 1314 602 1395 potuerunt
633 1311 794 1395 imponere
833 1313 894 1378 sibi
930 1314 1081 1391 laborem,
1120 1316 1241 1400 dignati
1279 1321 1354 1382 sunt

201 1417 369 1483 uobiscum
407 1417 574 1483 escendere
612 1421 752 1483 montem
791 1418 914 1486 Nebeu.
965 1422 1077 1504 Itaque
1114 1442 1187 1506 ergo
1230 1424 1352 1508 profici·
1384 1431 1405 1493 4

201 1529 328 1591 scentes
353 1525 391 1590 de
415 1526 525 1591 eodem
549 1526 620 1591 loco
646 1526 848 1609 peruenimus
874 1526 913 1591 ad
930 1528 1068 1593 redicem
1092 1530 1209 1595 montis
1228 1530 1351 1610 Nobau

151 1658 181 1697 ro
202 1633 257 1716 qui
292 1636 360 1697 eret
395 1631 489 1697 uelde
523 1633 677 1706 excelsus,
706 1634 751 1697 ita
782 1638 889 1698 temen
925 1636 963 1699 ut
998 1654 1071 1717 pers
1108 1637 1178 1701 eius
1217 1638 1352 1702 marimo

200 1738 340 1804 sedendo
369 1739 401 1803 iu
429 1739 537 1804 asellis
566 1740 671 1821 possit
694 1739 805 1817 subiri,
829 1738 991 1805 modicum
1016 1744 1123 1807 autem
1147 1746 1213 1808 erat
1236 1744 1350 1822 acrius,

199 1845 286 1928 quod
313 1846 449 1929 pedibus
477 1864 607 1911 necesse
637 1848 703 1910 erat
730 1846 832 1911 subiri
859 1865 933 1911 cum
965 1848 1082 1928 labore,
1116 1850 1201 1914 siout
1228 1854 1261 1915 et
1287 1850 1350 1916 fec-

198 1956 270 2017 tum
294 1956 354 2019 eet.

243 2058 454 2124 Peruenimus
474 2078 547 2143 ergo
568 2058 607 2123 ed
625 2058 845 2124 summitatem
863 2059 983 2125 montis
1001 2060 1101 2139 illius,
1125 2062 1180 2127 ubi
1201 2067 1250 2128 est
1267 2072 1401 2136 uuno12

150 2194 179 2233 rs
199 2166 337 2231 ecclesie
360 2185 420 2232 nou
445 2166 572 2251 grandis
594 2166 625 2230 iu
653 2167 723 2248 ipsa
750 2167 935 2231 summitate
958 2168 1076 2233 montis
1098 2167 1221 2233 Nebau.
1263 2171 1350 2235 Intra

198 2292 295 2355 quem
329 2272 508 2347 ecclesiam,
539 2273 571 2337 in
605 2292 640 2338 eo
673 2274 753 2349 loco,
787 2274 843 2338 ubi
874 2274 1018 2357 pulpitue
1051 2279 1109 2353 est,
1143 2276 1210 2340 uidi
1241 2277 1348 2342 locum

197 2379 323 2444 modice
360 2379 451 2461 quasi
489 2379 632 2445 altiorem
668 2384 792 2445 tantum
827 2380 957 2462 hispatii
993 2382 1162 2447 habentem
1195 2387 1346 2466 quantum

196 2486 370 2550 memoriae
398 2487 502 2551 solent
523 2486 648 2553 hebere.
687 2487 775 2552 Tunc
799 2506 873 2572 ergo
897 2488 1090 2573 interrogaui
1112 2490 1185 2555 illos
1210 2495 1346 2568 sanctos,
1378 2502 1398 2563 2

196 2592 349 2673 quidnam
372 2595 459 2657 esset
479 2592 550 2671 hoo,
576 2594 631 2674 qui
653 2593 897 2677 responderunt:
922 2594 974 2660 hio
996 2596 1121 2679 positus
1145 2599 1194 2661 est
1217 2601 1346 2662 sauctus
1435 2607 1439 2613 ’

144 2728 177 2767 eo
195 2698 328 2783 Moyses
349 2699 387 2764 ab
408 2699 538 2785 angelis
559 2700 719 2783 quoniam,
739 2700 824 2766 sicut
842 2702 997 2786 scriptum
1012 2704 1071 2778 est,
1091 2704 1346 2786 sepulturam

194 2806 319 2871 illius
348 2806 489 2871 nullus
518 2806 718 2873 hominum
747 2808 1021 2892 ecit:··quouiam
1051 2812 1170 2874 certum
1200 2813 1250 2874 est
1273 2828 1345 2875 eum

194 2914 234 2977 ab
260 2914 382 2997 augelis
407 2913 507 2979 fuisse
532 2914 704 2997 sepultum.
738 2914 821 2979 Nem
845 2915 996 2980 memorie
1018 2916 1116 2991 illius,
1140 2915 1196 2980 ubi
1218 2916 1344 2998 positus

193 3020 248 3097 sit,
273 3021 304 3084 in
329 3018 422 3084 hodie
448 3014 531 3107 [uon]
557 3020 748 3097 ostenditur3
773 3022 859 3086 sicut
887 3022 969 3086 euim
994 3022 1086 3087 uobis
1115 3040 1133 3086 a
1159 3022 1344 3102 maioribus,

194 3127 250 3211 qui
278 3126 331 3192 hic
359 3131 553 3206 manserunt,
586 3127 641 3192 ubi
671 3128 825 3211 <positus
853 3128 921 3203 sit>
949 3132 1112 3194 ostensum
1146 3133 1205 3210 est,
1238 3130 1285 3194 ito
1313 3133 1344 3195 et

140 3262 174 3302 ιε
193 3252 251 3299 uos
279 3233 372 3299 uobis
400 3238 624 3313 monstramus,
659 3236 713 3317 qui
742 3238 773 3299 et
805 3236 868 3319 ipsi
900 3239 1005 3300 temen
1037 3237 1172 3301 maiores
1203 3238 1250 3301 ita
1281 3236 1342 3301 sibi

191 3340 346 3407 traditum
375 3359 392 3404 e
420 3340 593 3407 maioribus
622 3342 689 3406 suis
711 3340 715 3429 l
737 3362 807 3407 esse
835 3342 991 3407 dicebaut.
1033 3345 1144 3425 Itaque
1172 3362 1246 3428 ergo
1269 3364 1343 3410 mor
1374 3352 1484 3443 3[43]

192 3448 278 3512 facta
305 3448 356 3510 est
382 3445 493 3523 oratio,
522 3449 555 3511 et
582 3447 686 3512 omnia
714 3468 794 3531 quae
821 3448 854 3513 iu
882 3449 1018 3533 singulis
1040 3449 1120 3514 locis
1144 3451 1263 3515 sanctis
1285 3470 1343 3534 per

191 3554 333 3619 ordinem
355 3572 622 3620 consueueramus
641 3555 754 3634 fecere,
780 3556 876 3620 etiam
895 3560 927 3621 et
951 3556 1002 3621 hic
1024 3556 1109 3621 faeta
1132 3560 1219 3622 suut:
1244 3560 1276 3621 et
1295 3558 1341 3622 sio

191 3661 357 3743 ecepimus
391 3659 537 3745 egredere
571 3660 609 3725 de
642 3662 787 3727 ecclesia.
829 3663 916 3728 Tunc
945 3667 1051 3727 autem
1081 3663 1135 3745 qui
1163 3666 1251 3727 erent
1278 3663 1340 3729 loci

137 3796 169 3839 ω
189 3770 328 3845 uotores,
355 3766 389 3831 id
413 3771 463 3832 est
485 3766 661 3851 presbyteri
684 3768 738 3834 uel
761 3768 907 3833 monachi
930 3769 1041 3847 sancti,
1066 3768 1210 3835 dixerunt
1232 3771 1337 3836 uobis:

280 3994 315 4048 20
334 3994 416 4049 Deut.
436 3994 480 4057 34,
499 3994 515 4048 6

226 4118 340 4171 duobis
360 4134 418 4172 curu
438 4120 465 4170 A
548 4118 580 4171 li
599 4116 703 4172 modice
722 4118 749 4171 A
767 4119 874 4173 modica
895 4118 1070 4174 Cholodniuk
1087 4120 1221 4175 modicum
1240 4123 1338 4191 empse·

185 4206 225 4261 23
248 4222 301 4259 non
325 4204 479 4260 ostenditur
497 4206 523 4259 A
542 4223 614 4259 nuuc
633 4206 788 4260 ostenditur
806 4207 940 4261 Bernord
960 4225 1014 4262 non
1034 4208 1179 4262 delendum
1197 4226 1252 4264 eeac
1275 4226 1335 4264 cen-

183 4294 236 4349 eue’
252 4294 329 4349 Krit.
347 4294 435 4350 Beitr.
450 4312 480 4363 p.
502 4298 541 4349 27
643 4296 677 4349 24
697 4295 754 4365 ubi]
774 4296 813 4349 ibi
835 4296 1012 4351 choroaciae
1034 4297 1081 4350 ubi
1099 4298 1205 4367 positus
1224 4300 1260 4352 sit
1278 4300 1337 4368 ipse

183 4383 316 4453 coppim
