3125 4942
265 430 327 493 108
561 424 720 479 Itinera
747 424 917 479 Hieroso
946 424 1122 494 ymitana

261 622 353 685 Iasus
380 619 493 703 pedem
518 640 623 698 snum,
649 620 773 703 quando
803 640 875 686 enm
900 621 1036 705 Symeon
1060 622 1184 703 accepit
1205 621 1237 685 in
1261 619 1357 697 ulnis,
1383 623 1414 685 θῖ

261 728 307 791 ita
329 728 481 793 remansit
503 747 559 812 pas
583 729 740 812 sculptos,
760 747 797 793 ac
821 730 848 792 si
872 728 903 792 in
929 748 1000 793 ocra
1017 728 1142 811 positus
1163 730 1258 793 asset.
1282 727 1330 793 Ab
1352 727 1412 791 alio

262 854 337 899 uero
365 836 463 900 latere
492 835 558 899 saxi
581 838 630 899 θεῖ
658 835 880 900 tahemaoulus
909 837 1048 917 apertus,
1076 835 1108 899 in
1133 854 1195 917 quo
1219 854 1275 918 per
1297 833 1412 919 gradus

262 940 378 1025 uiginti
402 941 463 1007 duo
488 941 692 1007 descendunt.
726 942 776 1007 lbi
798 942 956 1009 Dominus
980 943 1099 1019 orabat,
1123 942 1169 1006 ihi
1192 944 1225 1007 et
1247 941 1413 1006 Zacharias
1549 1015 1550 1034 χ

263 1047 468 1114 sacrificabat.
511 1050 606 1113 Extra
637 1050 793 1131 templum
826 1050 917 1115 locus
951 1051 1011 1127 ast,
1045 1050 1101 1113 uhi
1129 1048 1295 1114 Zacharias
1327 1047 1413 1113 filins
1444 1069 1456 1108 a
1549 1051 1550 1120 ζ

254 1154 435 1233 ¹Barachiaa
454 1138 642 1220 interfectus
663 1158 721 1221 sat.
747 1154 849 1239 Super
868 1175 978 1220 sarum
997 1155 1029 1219 in
1048 1155 1153 1220 modio
1173 1154 1285 1237 templi
1298 1153 1416 1239 pendet

254 1260 392 1343 ,candela
420 1276 524 1342 aurea,
557 1262 588 1326 in
620 1280 681 1346 qua
714 1266 764 1327 θεῖ
797 1262 927 1347 sanguis
957 1260 1085 1340 Christi,
1119 1262 1174 1344 qni
1205 1282 1261 1345 per
1292 1265 1412 1345 petram
1549 1301 1551 1368 ἱ

256 1368 399 1458 vscissam
418 1366 592 1433 descendit.
618 1368 734 1434 Contra
752 1369 915 1434 meridiem
936 1372 1044 1433 autem
1067 1388 1128 1436 non
1146 1369 1239 1453 longo
1258 1369 1413 1451 templum

264 1472 452 1549 Salomonis,
485 1475 517 1538 in
554 1494 616 1557 quo
644 1474 813 1549 habitauit,
848 1480 1066 1541 constructum
1094 1477 1153 1553 θεῖ,
1182 1476 1213 1539 in
1249 1494 1312 1557 quo
1340 1477 1416 1540 sunt

262 1583 370 1664 portae
395 1581 510 1665 uiginti
533 1581 685 1665 quinqua;
709 1582 797 1647 intus
821 1582 918 1647 habet
941 1582 1126 1665 columpnas
1146 1586 1303 1648 trecentas
1328 1601 1413 1647 sera·
1434 1602 1456 1641 ιο

255 1687 352 1771 ¹ginta
375 1686 448 1765 duo,
477 1690 509 1753 et
537 1688 652 1753 subtus
680 1709 740 1753 non
768 1689 864 1773 longa
888 1689 1044 1754 cunabula
1069 1688 1186 1755 Christi
1210 1692 1243 1753 θῖ
1264 1689 1414 1753 balncum

263 1794 332 1858 aius
357 1796 389 1858 at
410 1792 528 1859 lectum
554 1798 681 1859 sanotae
701 1794 751 1859 dei
772 1795 946 1879 genitricis.
971 1794 1092 1861 Subtns
1111 1798 1266 1878 templum
1285 1794 1414 1861 Domini

264 1898 301 1963 ab
327 1899 446 1964 oriente
474 1904 523 1965 cst
549 1903 641 1983 porta
669 1902 825 1985 speciosa,
850 1901 932 1965 node
956 1902 1112 1967 Dominus
1139 1903 1272 1966 intrauit
1299 1902 1413 1966 sedans

264 2025 359 2087 sopor
381 2000 504 2089 pullum
530 2008 645 2075 asinae.
684 2008 733 2073 Ibi
757 2011 789 2073 θῖ
811 2008 925 2073 Petrus
949 2008 1098 2074 claudum
1123 2009 1257 2074 sanauit.
1298 2007 1415 2075 Contra

253 2112 444 2197 aquilonem
472 2117 522 2179 est
545 2115 679 2179 ecclesia
703 2118 832 2180 sanctas
854 2114 973 2192 Annas,
1002 2114 1057 2179 nbi
1081 2115 1184 2180 tribus
1207 2115 1297 2180 annis
1320 2115 1416 2180 beata
1434 2136 1458 2176 ιε
1549 2129 1550 2206 ᾗ

263 2219 364 2285 Maria
395 2206 514 2286 nntrita
545 2222 616 2285 fnit.
658 2222 760 2305 Prope
790 2241 865 2287 nero
898 2224 948 2286 ast
975 2222 1139 2304 probatica
1165 2222 1299 2305 pise-ina,
1332 2241 1414 2304 quas
1549 2229 1550 2302 ῖ

253 2326 402 2409 ‚quinqua
425 2327 567 2411 porticus
591 2329 697 2393 habet.

262 2588 355 2655 Beda
383 2612 407 2655 c.
432 2590 478 2654 II
503 2614 523 2655 o
555 2592 674 2657 corbis:
701 2591 753 2655 ‘Io
784 2592 907 2656 uicinia
938 2592 1045 2673 templi
1073 2590 1249 2657 Bethsaida
1274 2593 1417 2673 psscirra'

247 2726 249 2731 ·
323 2718 421 2783 usquc
444 2700 487 2761 cd
508 2699 620 2763 uerbo:
643 2697 746 2764 ‘Unde
763 2702 882 2780 ymtact
903 2700 948 2764 ibi
970 2701 1106 2764 madiam
1129 2720 1192 2765 osse
1215 2701 1356 2766 terram?

306 2836 508 2921 Aaoaymus:
533 2842 568 2905 In
607 2842 741 2906 ecclesia
777 2861 863 2921 noro,
897 2861 976 2924 qnae
1014 2842 1130 2907 dicitur
1166 2845 1275 2906 sancta
1311 2839 1409 2924 Syon,
1428 2867 1455 2907 oo

261 2948 310 3009 est
332 2946 464 3009 thronus
484 2948 591 3013 Iacobi
614 2948 719 3013 fratris
743 2948 873 3028 domini,
897 2949 951 3033 qui
974 2950 1062 3013 iuxta
1085 2950 1241 3033 templum
1265 2948 1415 3031 sepultus
1549 2943 1550 2956 ²

244 3055 323 3145 Ιθεῖ;
354 3052 384 3115 in
415 3072 450 3117 oo
480 3056 585 3118 autern
614 3054 684 3120 loco
714 3055 847 3120 fundata
874 3060 934 3128 θεῖ,
961 3056 1018 3121 ubi
1047 3056 1233 3121 cenantibus
1257 3055 1415 3137 apostolis

259 3160 334 3240 post
356 3159 534 3241 passionem
560 3160 675 3225 hostiis
699 3162 818 3226 clausis
843 3162 991 3244 abparuit
1013 3161 1172 3229 dominns.
1209 3162 1313 3244 Propo
1336 3182 1415 3227 nero

258 3264 325 3329 illic
359 3270 408 3331 ast
438 3271 540 3351 porta,
573 3266 611 3331 de
645 3287 708 3351 qna
736 3269 868 3353 angelus
896 3269 1028 3334 Petrum
1056 3267 1174 3333 eduxit.
1215 3268 1263 3333 Do
1289 3269 1415 3352 templo

258 3389 344 3451 uero,
383 3392 476 3455 quem
510 3372 657 3437 Salomon
695 3372 884 3453 aedificarit,
923 3373 1003 3439 dnae
1035 3377 1161 3439 tantum
1193 3374 1307 3457 pinnas
1344 3395 1416 3457 par·
1434 3391 1461 3433 ⁹⁵

257 3480 394 3558 manant,
423 3499 556 3562 quarum
580 3498 650 3559 una,
680 3480 878 3563 quaesitior
905 3481 999 3546 ualde
1024 3485 1083 3558 est,
1110 3482 1181 3565 ipsa
1207 3484 1265 3559 θεῖ,
1293 3480 1418 3565 inqua

258 3584 405 3650 dominus
438 3589 613 3670 temptatus
647 3591 698 3653 θεῖ
730 3606 748 3651 a
781 3588 917 3663 diaholo,
954 3588 1078 3671 reliqua
1110 3591 1217 3653 autem
1249 3587 1417 3653 destructa

257 3696 342 3756 sunt.
384 3692 421 3757 In
449 3712 520 3757 arsa
549 3713 624 3760 uero
650 3694 731 3759 Orne
755 3695 883 3760 Iabusei
910 3695 1066 3779 templum
1090 3695 1310 3760 constructum
1338 3694 1415 3760 fuit.

255 3798 357 3882 Prope
387 3802 494 3865 autam
522 3804 645 3883 portam
675 3802 796 3867 effosus
825 3805 876 3866 θεῖ
904 3802 1033 3886 sanguis
1062 3800 1241 3880 Zachariae,
1269 3800 1328 3864 filii
1352 3802 1416 3866 Ba-

256 3904 391 3971 rachiae.
903 3959 905 3962 .
1434 3927 1461 3967 ao

295 4146 535 4201 3tabernacnln1n
555 4150 679 4219 apertum
697 4148 789 4203 Ricot
879 4149 896 4202 9
916 4149 1035 4204 ohitanit
1056 4149 1079 4203 C
1157 4150 1187 4203 11
1208 4150 1327 4219 quinquo
1350 4149 1415 4205 Go-

254 4234 384 4299 murrahi,
404 4252 465 4289 cam
483 4236 575 4291 Riant
593 4236 703 4293 disertis
720 4236 817 4292 uerbis·
832 4238 908 4292 dicct
927 4238 979 4292 dno
999 4240 1068 4308 (noa
1087 4237 1166 4303 duas)
1190 4238 1222 4291 in
1246 4238 1339 4293 codice
1359 4238 1416 4310 teqc'

241 4324 290 4379 ,23
309 4323 417 4394 hostiis]
436 4326 586 4379 secundam
605 4325 696 4380 Riaat
713 4327 745 4380 ia
765 4326 858 4381 cortice
875 4332 928 4381 cst:
945 4327 1043 4398 postiis
1097 4328 1132 4381 27
1152 4326 1269 4398 dyabolo
1290 4326 1315 4381 0
