3125 4942
269 437 377 502 XVIII
734 432 951 488 Praelatio.

269 631 347 695 liore
375 631 506 695 'fortuna
537 649 617 696 risus
647 633 697 694 oet
725 631 918 707 emendator,
947 631 1002 695 ubi
1029 649 1211 713 peruersam
1242 630 1415 696 lectionem

270 738 375 804 codP
393 739 498 816 127,3
514 737 643 818 apparit
657 741 691 800 ul
703 737 802 818 mauis
814 740 901 802 necte
915 738 1056 802 mutauit
1070 737 1101 801 in
1118 741 1252 818 apparet
1268 736 1412 818 eampum

314 845 426 926 Itaque
446 863 519 908 cum
539 843 635 908 oodex
653 843 682 910 V
702 844 741 908 ad
764 846 885 909 textum
909 844 1139 909 emendandum
1163 843 1242 907 nihil
1265 843 1416 927 praebeat

271 950 416 1028 subsidii,
441 951 519 1014 satia
548 950 654 1016 uisum
685 954 735 1016 est
757 950 910 1015 lectiones
935 951 1003 1015 eius
1027 970 1130 1034 usque
1153 949 1192 1014 ad
1214 970 1246 1032 p.
1273 951 1346 1027 128,
1371 952 1414 1013 20

270 1061 388 1124 notare.
411 1057 547 1140 Reliqua
568 1076 641 1138 pars
665 1057 831 1139 epistolae,
856 1076 929 1122 cnm
954 1076 990 1121 ex
1014 1058 1149 1141 epistola
1166 1056 1352 1139 Hieronymi
1375 1055 1415 1120 ad

270 1163 452 1230 Dardanum
477 1170 509 1229 at
531 1164 649 1247 Hegos.
673 1162 695 1228 l.
720 1163 767 1227 Ill
793 1183 818 1228 c.
845 1165 886 1228 16
910 1183 940 1246 p.
968 1165 1153 1245 rar-184,
1178 1164 1220 1228 70
1244 1162 1416 1245 compilata

271 1272 324 1350 sit,
353 1270 387 1334 hi
419 1273 563 1334 auctores
591 1270 653 1353 ipsi
682 1270 847 1334 sufficiunt
869 1270 910 1334 ad
932 1273 1053 1335 textum
1083 1269 1248 1335 codicibus
1275 1270 1300 1333 Ε
1330 1273 1362 1332 et
1388 1268 1415 1332 P

268 1377 421 1442 traditum
445 1376 684 1441 emendandum.

313 1483 420 1548 Editio
448 1483 594 1566 princeps
622 1483 719 1548 huius
748 1483 849 1547 libelli
872 1483 1023 1548 adornata
1045 1485 1096 1547 est
1118 1501 1136 1546 a
1158 1482 1294 1559 Labbeo,
1319 1479 1416 1544 Noua

269 1588 448 1654 bibliotheca
478 1590 764 1670 manuscriptorum
796 1589 956 1664 librorum,
989 1589 1130 1653 Parisiis
1160 1593 1258 1665 1657,
1290 1593 1362 1651 torn.
1395 1585 1422 1649 I

268 1717 299 1776 p.
326 1701 491 1778 665-67,
521 1697 580 1762 sub
612 1697 672 1762 hoc
703 1697 815 1762 titulo:
846 1696 994 1777 Epistola
1024 1695 1177 1759 Euchemi
1208 1695 1342 1775 (miscam
1372 1693 1417 1756 ad

269 1801 426 1866 Faustam
442 1802 669 1887 presbyterum.
700 1801 755 1866 Eu
777 1802 880 1867 codice
908 1801 1059 1866 Vaticano
1079 1801 1189 1866 Baiae
1212 1802 1250 1865 de
1273 1800 1416 1864 tmana-

269 1907 337 1972 culo
369 1929 438 1972 cum
469 1929 550 1994 seqq.
580 1914 744 1973 mutuatus
775 1915 821 1972 est
851 1909 918 1972 iam
948 1908 1023 1972 olim
1054 1907 1097 1971 R.
1122 1907 1317 1970 Elaeodes
1346 1906 1415 1971 aa·

269 2015 411 2092 mondus,
430 2035 487 2080 aas
510 2036 547 2080 ea
570 2015 636 2079 eius
659 2016 837 2099 apoprapho
860 2015 1089 2096 desumpsimus,
1112 2014 1138 2078 Ε
1159 2013 1267 2078 codice
1285 2013 1311 2077 P
1331 2012 1416 2096 apud

270 2120 655 2186 Tohlemm-Molinicrum
678 2141 708 2205 p.
727 2121 900 2186 LIV-LV
918 2121 1087 2186 nonnullae
1105 2120 1258 2186 lectiones
1278 2119 1415 2184 selectae

270 2227 452 2291 afferuntur.
476 2228 549 2309 Ipso
573 2229 695 2310 primus
714 2232 840 2312 praeter
856 2228 882 2291 P
902 2228 998 2292 etiam
1017 2228 1043 2291 Il
1063 2227 1201 2292 adhibui.
1227 2225 1307 2291 Cum
1326 2224 1415 2308 prius

269 2335 480 2398 existimarem
515 2335 600 2399 hunc
631 2334 776 2400 libellum
809 2355 827 2398 a
858 2335 1013 2399 monacho
1046 2334 1181 2417 quodam
1214 2332 1364 2398 Britanno
1398 2351 1415 2396 e

269 2439 393 2504 Baedae
421 2441 541 2522 libello,
569 2441 763 2525 Hegesippo,
792 2441 985 2524 Hieronymo
1014 2440 1229 2524 conscriptum
1261 2459 1332 2504 esse
1359 2438 1413 2521 (cf.

269 2545 473 2612 Adamnanus
498 2548 513 2611 Ι
541 2567 571 2629 p.
598 2548 638 2612 18
664 2547 915 2631 salsamentis
941 2567 1013 2611 mea
1038 2545 1230 2610 labefactata
1257 2549 1315 2624 est,
1339 2563 1415 2609 cum

269 2656 349 2720 mihi
385 2653 532 2718 meliores
570 2653 689 2718 codicis
727 2653 956 2719 Escorialenais
993 2654 1146 2718 lectiones
1182 2653 1413 2725 innotuissent;

271 2762 366 2827 etiam
391 2761 506 2826 Furrer
528 2761 579 2825 uir
602 2761 818 2838 doctissimus,
845 2761 986 2844 Theolap.
1004 2760 1303 2841 Laecamarmmap
1324 2764 1415 2823 1896

268 2889 300 2951 p.
321 2869 385 2932 472
406 2887 461 2945 se„
485 2867 637 2932 nonnulla
655 2871 766 2933 notatu
786 2868 883 2952 digna
902 2873 1010 2933 contra
1028 2868 1116 2932 illam
1136 2867 1324 2931 sententiam
1343 2886 1415 2949 pro-

269 2975 354 3039 tulit.
392 2974 504 3056 Itaque
536 2975 615 3038 mihi
646 2993 708 3039 non
735 2975 831 3040 licere
860 2974 1078 3039 existimabam
1103 2975 1187 3038 huno
1208 2973 1354 3038 libellum
1379 2992 1415 3037 ex

268 3081 418 3146 itinerum
441 3080 806 3163 Hierosolymitanorum
830 3101 959 3163 corpore
983 3081 1157 3145 excludere.

497 3245 500 3252 Δ
550 3273 807 3339 Theodosius
837 3273 961 3358 (circa
988 3292 1015 3337 a.
1041 3273 1131 3358 530).

313 3400 361 3464 De
390 3398 552 3464 codicibus
581 3399 692 3478 libelli,
717 3400 772 3482 qui
799 3398 990 3464 Theodosius
1018 3400 1057 3472 aa
1078 3401 1142 3464 situ
1164 3403 1267 3462 terrac
1287 3403 1416 3462 sauctae

269 3506 401 3591 inscribi
424 3507 515 3584 solet,
537 3505 775 3570 accuratissime
795 3507 862 3590 egit
881 3505 1114 3583 Gildemeister,
1135 3505 1227 3570 cuius
1245 3505 1297 3569 hio
1315 3506 1416 3569 uesti-

270 3613 331 3696 giis
360 3613 484 3688 insisto,
508 3611 539 3675 in
571 3612 763 3694 praefatione
788 3613 919 3677 editioni
943 3632 1019 3677 suae
1046 3613 1234 3694 praemissa:
1274 3611 1416 3676 Theodo-

268 3721 337 3784 sius
359 3719 397 3782 do
419 3721 483 3782 situ
505 3723 606 3782 terrac
628 3723 755 3782 sauctae
777 3721 822 3782 inc
847 3719 951 3782 eclrtcu
971 3719 1047 3783 Text
1065 3719 1132 3782 aad
1149 3720 1205 3783 der
1222 3717 1417 3784 Braeiarius

269 3825 306 3890 dc
329 3824 548 3906 Hierosolyma
570 3825 822 3908 eenamcenam
837 3825 1078 3909 herouspepcbeu
1095 3847 1155 3890 com
1174 3824 1234 3890 Dr.
1254 3824 1282 3891 I.
1305 3823 1416 3890 Galae-

269 3933 401 4009 meister,
428 3930 516 4012 Prof.
540 3932 576 3995 m
596 3931 702 3995 Bona.
732 3931 829 3996 Boane
857 3938 958 3996 1882.
995 3933 1116 3998 Nomen
1149 3931 1319 3998 Theodosii
1350 3951 1415 3996 non

270 4039 332 4103 nisi
363 4038 396 4102 in
430 4037 537 4104 codice
561 4037 715 4102 Vaticano
744 4058 826 4103 saec.
850 4039 896 4102 IX
924 4044 956 4102 et
983 4038 1066 4119 apud
1096 4039 1285 4104 Geruasium
1309 4038 1415 4103 Tilhe·

268 4145 404 4210 rlensem
428 4144 599 4222 inuenitur,
620 4145 724 4226 quiin
746 4165 848 4228 opere,
869 4146 953 4227 quod
972 4149 1105 4210 uocatur
1128 4145 1200 4209 Otia
1217 4144 1414 4225 imperialia,

270 4271 348 4316 anno
376 4253 458 4315 1211
486 4252 664 4334 conscripto
689 4252 785 4315 etiam
810 4253 1031 4334 compendium
1055 4253 1302 4337 geographicum
1328 4270 1416 4317 com-

269 4357 394 4440 pilanit,
417 4357 448 4420 in
474 4357 557 4438 quod
581 4357 642 4422 hoo
666 4377 790 4441 quoque
815 4359 1005 4441 opusculum
1034 4359 1163 4441 recepit.
1197 4359 1221 4422 E
1246 4357 1414 4437 Geruasio,
