3125 4942
278 397 341 460 290
566 391 722 446 Itinera
748 391 1120 462 Hierosolymitana

275 592 478 671 peccatorum
496 587 713 653 inuisibilibus
738 587 953 671 alligamentis
970 585 1033 651 fide
1053 587 1215 652 saluatum
1232 587 1430 654 subueniens

276 695 523 761 misericorditer
543 693 702 760 liberauit.

319 803 402 868 Hinc
430 802 538 884 itaque
565 800 732 866 manifeste
761 800 949 878 ostenditur,
974 803 1111 882 quantae
1138 803 1171 865 et
1198 801 1303 883 qualis
1330 803 1431 867 fuerit

273 908 532 975 honorificentiae
561 907 644 992 apud
667 907 841 972 Dominum
865 906 1024 991 Georgius
1053 926 1131 972 suus
1159 907 1241 973 inter
1267 912 1430 974 tormenta

272 1016 445 1093 confessor,
475 1015 567 1080 ouius
595 1015 792 1080 thoracidam
819 1015 852 1078 iu
879 1034 912 1080 re
940 1017 1054 1078 natura
1079 1013 1302 1097 inpenetrabili
1333 1034 1465 1100 pene-a

271 1122 420 1187 arabilem
438 1123 580 1205 potentia
598 1122 675 1187 fecit
692 1121 898 1205 lanceamque
921 1120 1095 1185 aduersarii
1118 1140 1217 1203 aeque
1239 1124 1429 1188 naturaliter

270 1227 533 1311 inpenetrabilem
556 1227 744 1293 mirabiliter
766 1227 872 1292 effecit
892 1227 1121 1309 penetrabilem
1140 1227 1324 1312 digitosque
1342 1230 1427 1295 eins·

270 1335 346 1400 dem
382 1334 570 1400 homunculi
605 1333 746 1400 infirmos
783 1335 816 1399 in
849 1334 960 1398 eadem
991 1337 1105 1398 natura
1136 1335 1360 1417 inpenetrabili
1390 1357 1426 1402 re

272 1445 418 1525 potenter
441 1442 618 1524 penetrales
642 1441 729 1518 fecit,
750 1460 830 1523 quos
852 1442 886 1506 in
909 1459 1065 1506 mmanore
1088 1441 1268 1508 uinculatos
1286 1443 1425 1524 primule

270 1553 305 1614 et
327 1551 395 1633 ipse
419 1549 518 1614 durus
541 1549 698 1614 retrahere
721 1568 782 1614 non
805 1549 923 1631 potuit,
943 1548 1000 1612 sed
1018 1547 1129 1613 eodem
1147 1552 1310 1616 momento
1329 1550 1425 1616 ualde
1444 1569 1467 1608 o

268 1656 457 1739 perterritus
473 1658 505 1721 et
519 1655 628 1721 exinde
645 1655 814 1740 mitigatus
833 1655 998 1738 paenitens
1017 1655 1076 1720 deo
1094 1655 1266 1721 miserante
1282 1657 1423 1722 retraxit.

269 1763 387 1827 Mirum
416 1763 514 1839 dictu,
538 1781 641 1845 usque
667 1762 699 1827 in
727 1762 915 1829 hodiernum
938 1761 1022 1826 diem
1045 1761 1156 1826 eadem
1178 1761 1229 1826 bis
1252 1763 1423 1845 quinorum

271 1870 339 1935 eius
368 1870 506 1954 uestigia
535 1869 743 1952 digitulorum
772 1871 926 1952 apparent
951 1887 1054 1951 usque
1078 1868 1118 1933 ad
1140 1868 1262 1933 radices
1284 1869 1318 1934 in
1341 1889 1424 1934 mar·

269 1995 377 2042 morea
404 1977 596 2042 insertorum
624 1977 781 2049 columna,
805 1975 837 2040 in
866 1994 999 2058 qnorum
1023 1975 1092 2039 loco
1117 1977 1246 2040 sanctus
1269 1974 1422 2040 Arcullirs

177 2105 183 2112 ·
270 2102 347 2148 suos
370 2082 468 2148 denos
490 2083 635 2165 proprios
659 2082 794 2146 inseruit
816 2082 934 2166 digitos
952 2081 1101 2146 similiter
1119 2080 1159 2144 ad
1176 2081 1299 2146 radices
1318 2100 1422 2165 usque
1441 2099 1465 2138 1⁵

269 2190 433 2254 intrantes.
471 2187 624 2253 Eiusdem
653 2207 779 2270 quoque
803 2188 938 2254 homulli
962 2187 1094 2272 sanguis
1117 2187 1202 2270 equi,
1226 2187 1320 2252 cuius
1344 2205 1423 2252 coxa

268 2296 300 2359 in
327 2296 510 2380 pauimento
538 2295 656 2361 mortui
684 2294 827 2359 cadentis
854 2294 886 2358 in
919 2294 998 2360 duas
1031 2295 1192 2360 confracta
1223 2298 1274 2360 est
1303 2297 1421 2377 partes,

268 2401 355 2466 nullo
384 2401 477 2466 modo
507 2401 593 2466 ablui
622 2403 678 2468 aut
705 2401 803 2466 deleri
830 2401 946 2483 potuit,
975 2400 1032 2466 sed
1059 2400 1241 2465 indelebilis
1270 2401 1302 2464 in
1330 2401 1420 2484 paui·

267 2512 373 2573 mento
402 2508 516 2573 domus
544 2527 645 2591 usque
674 2508 714 2572 ad
741 2510 850 2572 nostra
868 2510 1036 2590 permanet
1057 2512 1202 2590 tempora
1222 2507 1308 2572 idem
1331 2507 1420 2590 equi·

267 2632 327 2678 nus
352 2632 452 2678 cruor.
1437 2634 1463 2675 ao

311 2720 415 2785 Aliam
444 2738 570 2802 quoque
599 2719 636 2784 de
665 2719 775 2785 eodem
806 2719 943 2803 Georgio
976 2721 1155 2785 confessore
1187 2723 1306 2784 certam
1339 2720 1418 2783 rela-

266 2827 385 2892 tionem
414 2827 505 2892 nobis
540 2829 670 2891 sanctus
697 2825 847 2891 Areulius
878 2826 1051 2904 intimauit,
1079 2845 1174 2908 quam
1206 2827 1245 2890 ab
1278 2826 1416 2909 expertis

268 2933 459 3015 quibusdam
483 2933 561 2998 satis
585 2932 707 2997 idoneis
731 2932 945 2997 narratoribus
969 2932 1001 2996 in
1025 2951 1121 3014 supra
1142 2938 1318 2998 memorata
1337 2933 1418 2999 Con·

304 3147 402 3203 lfidei
424 3149 454 3203 Y
521 3149 781 3204 llrouorificantiae
800 3149 843 3204 Br
928 3148 1008 3204 deum
1027 3151 1054 3205 Ζ
1125 3150 1299 3206 deonfessor
1316 3167 1370 3206 om.
1388 3151 1418 3205 Z

265 3241 357 3291 torace
381 3238 449 3292 clam
472 3237 502 3292 Y
523 3239 678 3292 toraclieam
699 3239 725 3292 Z
746 3239 906 3294 toracletam
925 3240 974 3303 Br,
998 3242 1035 3307 cf.
1053 3240 1104 3294 Du
1124 3241 1224 3308 Oanos,
1245 3240 1415 3309 glossarium

264 3325 370 3380 mediae
388 3331 413 3380 ct
430 3327 544 3394 tufi-moe
563 3327 716 3382 inanitatis
733 3344 754 3382 e.
773 3345 798 3384 e.
870 3329 900 3381 in
918 3345 947 3382 se
969 3328 998 3383 Υ
1013 3330 1179 3397 innenatura,
1197 3329 1312 3399 scirpula
1331 3333 1359 3383 2.
1377 3347 1413 3383 aa.

266 3415 409 3484 adempta
427 3417 572 3484 separauit
591 3417 618 3470 Z
677 3418 883 3486 dpoenitentia
900 3417 928 3471 Ζ
1003 3419 1154 3488 potentiam
1172 3419 1294 3473 lanceam
1314 3419 1413 3472 omisso

263 3503 332 3557 iecit
350 3509 375 3558 et
394 3521 446 3573 que
465 3505 507 3558 Br
578 3505 671 3572 foecit,
689 3506 738 3560 aad
755 3521 825 3560 corr.
843 3508 873 3560 Z
925 3507 1046 3562 leificit
1066 3508 1134 3562 YBr
1204 3508 1371 3578 penetralem
1386 3507 1415 3562 Ζ

263 3592 417 3646 8iniirmes
436 3595 512 3656 ZBr.
532 3611 599 3648 corr.
619 3595 646 3648 Z
752 3596 918 3664 penetrabili
935 3613 992 3650 rem
1009 3598 1053 3650 Br
1142 3597 1367 3667 9penetrabiles
1385 3597 1415 3651 Z

263 3681 348 3749 prime
371 3683 410 3735 Br
478 3683 510 3736 10
528 3683 685 3737 rethrahere
703 3685 747 3738 Br
819 3684 867 3739 sed
885 3686 917 3739 in
934 3702 1039 3740 rasura
1057 3687 1085 3740 Z
1137 3687 1168 3741 ll
1188 3687 1350 3757 proterritum
1368 3688 1413 3740 Br

265 3770 298 3822 12
317 3769 497 3840 hojldiernam
517 3773 543 3825 Ζ
615 3789 633 3824 a
651 3787 718 3827 uoce
738 3772 831 3827 eadem
850 3774 939 3828 dmao
959 3776 1060 3845 incipit
1077 3777 1105 3830 P
1174 3777 1349 3845 quasinorum
1365 3777 1412 3830 Br

263 3857 462 3926 resignatum
481 3859 509 3912 P
525 3859 701 3930 digitolornm
726 3862 795 3916 ΥΒν
850 3864 884 3917 14
901 3863 963 3918 loca
980 3865 1024 3918 Br
1083 3866 1117 3919 16
1136 3865 1238 3919 homnli
1256 3866 1285 3918 P
1299 3865 1411 3919 humilii

265 3944 295 3998 Υ
309 3943 414 4008 humili,
432 3945 481 4000 aed
498 3951 524 4002 2.
538 3965 571 4001 m.
591 3949 622 4001 ia
640 3948 743 4002 homuli
762 3965 832 4006 corr.
846 3951 875 4004 Z
928 3952 960 4004 17
977 3955 1146 4006 constructas
1166 3954 1369 4022 taceprandus
1381 3953 1412 4006 P

264 4033 296 4086 18
316 4031 414 4096 delere,
432 4034 481 4088 aad
498 4051 566 4089 corr.
586 4036 614 4089 Ζ
703 4039 735 4092 19
756 4037 791 4091 ad
809 4055 860 4092 om.
881 4039 923 4093 Bo·
1021 4042 1152 4110 aequinus
1171 4042 1199 4094 P
1215 4041 1347 4112 aeonibus
1364 4042 1410 4094 Br

261 4121 294 4172 21
316 4121 369 4174 alia
387 4122 415 4175 Ζ
503 4125 584 4177 aliam
604 4142 710 4194 qnoque
729 4127 889 4182 relationem
910 4133 1010 4183 certam
1029 4129 1063 4184 de
1086 4131 1115 4185 Υ
1202 4129 1268 4186 deor
1286 4132 1408 4202 georgio,

256 4209 352 4277 priore
369 4225 434 4264 uoce
453 4211 542 4266 deleta
561 4214 587 4266 Z
653 4215 688 4268 22
707 4232 787 4284 quam
807 4233 839 4271 ex
856 4219 952 4288 paritis
970 4219 1014 4272 Br
1075 4220 1111 4274 23
1129 4219 1240 4290 insuper
1256 4225 1409 4276 memorata

260 4297 491 4368 constantinopoli
510 4302 536 4354 Z
