3125 4942
286 434 328 497 46
578 430 734 486 Itiuera
760 432 1135 503 Hierosolymitana

286 626 437 692 ducentos
467 646 593 711 passus,
622 627 813 709 aliquotiens
841 628 938 693 etiam
965 633 998 693 et
1024 630 1220 712 plusquam
1245 630 1435 714 quingentos

287 752 401 816 pessus
421 732 459 797 de
478 733 557 798 mari
575 752 632 816 per
650 734 816 798 heremum
835 734 1029 812 ambuletur;
1048 735 1103 799 uia
1121 736 1204 800 emm
1223 736 1291 801 illio
1308 738 1435 820 penItus

243 844 261 905 2
286 859 346 904 non
376 842 434 918 est,
464 840 519 905 sed
545 843 650 905 totum
680 840 800 905 heremi
828 844 904 905 sunt
931 860 1091 906 arenosae.
1123 842 1290 909 Faranitae
1318 846 1436 920 autem,

287 946 341 1028 qui
368 946 412 1012 ibi
441 948 676 1013 consueuerunt
710 945 873 1011 ambulare
896 965 969 1011 oum
993 947 1124 1011 camelis
1153 950 1230 1027 suis,
1260 949 1351 1033 signe
1375 949 1436 1013 sibi

285 1054 366 1119 Ioois
390 1058 422 1120 et
449 1054 527 1119 loeis
555 1058 683 1136 ponent,
711 1052 751 1117 ad
779 1072 859 1135 quae
888 1053 981 1138 algua
1009 1072 1043 1118 se
1070 1055 1209 1132 tendent,
1238 1061 1271 1120 et
1298 1057 1346 1121 sio
1373 1076 1436 1122 am·
1469 1076 1482 1117 s

287 1162 399 1226 hulent
416 1181 473 1243 per
491 1160 585 1226 diem.
610 1159 712 1224 Nocte
732 1162 839 1223 autem
859 1160 951 1244 signa
969 1160 1083 1225 cameli
1102 1162 1279 1227 attendunt.
1302 1163 1344 1228 Ilt
1363 1163 1439 1245 quid

286 1268 398 1349 plural
423 1264 607 1351 dihgentius
632 1268 664 1330 et
687 1266 831 1330 securius
854 1265 972 1330 iamin
996 1286 1032 1331 eo
1055 1266 1126 1331 looo
1149 1286 1186 1331 er
1209 1269 1439 1333 consuetudine

286 1373 450 1438 Farnnitae
487 1372 651 1437 ambulant
687 1374 791 1448 noete,
821 1391 915 1454 quam
944 1372 1042 1455 aliqui
1079 1373 1243 1439 hominum
1276 1375 1439 1440 ambulare

246 1480 454 1563 aputeum
482 1480 533 1545 lus
560 1479 651 1557 loeis,
680 1478 736 1543 uhi
764 1478 819 1543 uia
846 1482 956 1561 aperta
984 1481 1043 1545 est.
1071 1480 1107 1544 In
1137 1500 1173 1545 eo
1202 1500 1276 1566 ergo
1305 1482 1375 1548 loeo
1400 1482 1439 1547 de

288 1587 514 1651 intermontes
539 1586 694 1651 exiuimus
719 1584 899 1662 redeuntes,
927 1586 959 1649 in
985 1605 1046 1668 quo
1070 1587 1141 1651 loeo
1166 1590 1199 1652 et
1222 1591 1333 1653 euntes
1356 1588 1483 1652 interm

289 1696 411 1759 montes
430 1692 673 1771 intraueramus,
690 1712 726 1757 ao
742 1692 878 1776 sicergo
894 1692 995 1757 denuo
1011 1692 1202 1776 plioauimus
1217 1714 1274 1759 nos
1289 1694 1328 1759 ad
1342 1714 1438 1759 mare.

288 1800 362 1865 Filii
390 1799 485 1864 etiem
512 1798 636 1864 Israhel
662 1801 860 1864 reuertentes
888 1819 908 1863 a
933 1803 1041 1864 monte
1069 1800 1129 1865 Dei
1158 1800 1242 1883 Syna
1268 1820 1371 1883 usque
1399 1801 1440 1866 ad

288 1925 361 1970 eum
384 1907 491 1971 looum
510 1905 630 1971 reuersi
654 1908 730 1970 sunt
753 1924 810 1989 per
831 1905 893 1969 iter
911 1904 995 1987 quod
1018 1906 1129 1981 lerant,
1153 1906 1186 1970 id
1205 1909 1255 1971 est
1272 1925 1376 1989 usque
1399 1906 1440 1971 ad

289 2032 362 2077 enm
389 2014 507 2092 locum,
536 2013 591 2077 ubi
616 2012 654 2077 de
682 2014 914 2077 intermontes
938 2013 1105 2090 exiuimus,
1134 2017 1168 2077 et
1193 2014 1353 2079 iunximus
1380 2033 1440 2079 nos

289 2120 391 2185 denuo
420 2119 459 2184 ad
486 2138 572 2184 mare
600 2119 740 2197 rubrum,
770 2122 803 2184 et
828 2119 901 2184 inde
929 2139 987 2184 nos
1014 2120 1078 2185 iam
1106 2120 1168 2185 iter
1194 2124 1348 2196 nostrum,
1377 2140 1440 2204 quo
1460 2144 1485 2183 ιι

288 2244 485 2303 ueneramus,
509 2226 628 2291 reuersi
652 2244 774 2304 sumus,
803 2225 861 2290 filii
884 2229 989 2291 autem
1015 2226 1137 2291 Israhel
1160 2227 1198 2291 de
1222 2228 1334 2292 eodem
1357 2227 1439 2303 loeo,

290 2332 375 2397 sieut
402 2332 556 2414 seriptum
584 2335 634 2396 est
661 2332 692 2396 in
719 2331 811 2395 libris
839 2332 941 2397 saneti
964 2332 1081 2417 Moysi,
1110 2333 1354 2397 ambulauerunt
1380 2334 1443 2399 iter

245 2444 266 2505 4
291 2457 395 2503 suum.
418 2438 485 2502 Nos
506 2440 613 2502 autem
627 2436 738 2502 eodem
754 2436 868 2502 itinere
886 2440 919 2501 et
937 2438 1058 2504 eisdem
1077 2439 1303 2515 mansionibus,
1322 2440 1441 2522 quihus

289 2544 436 2621 ieramus,
459 2542 580 2608 reuersi
618 2562 729 2609 sumus
762 2544 794 2608 in
827 2544 963 2611 Clesma.
1001 2545 1038 2609 In
1071 2544 1197 2609 Clesma
1229 2548 1335 2611 autom
1367 2566 1443 2611 oum

290 2651 489 2715 uenissemus
512 2650 677 2727 (denuo)
700 2668 829 2715 neeesse
853 2668 910 2715 nos
933 2650 997 2716 init
1020 2654 1053 2714 et
1074 2651 1120 2716 ihi
1144 2652 1246 2717 donaro
1269 2672 1440 2733 resumere,
1460 2677 1486 2716 ao

291 2756 439 2840 quoniam
463 2757 523 2821 iter
545 2756 665 2821 heremi
688 2775 856 2822 arenosum
879 2757 973 2822 ualde
997 2757 1183 2824 feneramus.

248 2870 265 2935 7
338 2862 418 2929 Sane
444 2862 520 2927 lieet
547 2865 662 2927 terram
687 2861 788 2928 Gesse
815 2863 880 2927 iam
907 2882 1045 2941 nossem,
1072 2863 1107 2928 id
1130 2868 1181 2929 est
1203 2884 1266 2947 qua
1291 2864 1442 2947 primitus

291 2969 330 3035 ad
352 2971 514 3055 Egyptum
541 2968 672 3049 fueram,
701 2972 807 3034 tamen
834 2978 872 3035 ut
898 2970 1095 3054 peruideram
1120 2972 1227 3036 omnIa
1252 2972 1333 3051 lora,
1361 2991 1443 3054 quae

291 3076 348 3141 filii
379 3076 501 3141 Israhel
534 3079 681 3143 exeuntes
718 3076 756 3141 de
788 3076 940 3141 Bamesse
976 3078 1150 3161 tangerent
1182 3080 1304 3155 euntes,
1342 3078 1443 3144 donee

291 3184 491 3267 peruenirent
513 3202 615 3266 usque
639 3183 678 3248 ad
701 3202 787 3249 mare
810 3183 952 3262 rubrum,
976 3184 1031 3266 qui
1053 3185 1144 3249 loous
1167 3204 1250 3250 nuno
1270 3184 1307 3249 de
1326 3188 1441 3264 oestro,
1461 3208 1486 3245 ιι

178 3292 246 3380 [38]
292 3290 376 3374 quod
403 3290 448 3355 ibi
477 3293 535 3368 est,
564 3289 742 3373 appellatur
770 3288 910 3355 Glesma:
940 3290 1090 3356 desiderii
1118 3311 1192 3376 ergo
1220 3291 1292 3370 fuit,
1321 3290 1382 3377 utl
1404 3290 1442 3355 de

294 3396 419 3462 Clesma
446 3396 485 3462 ad
507 3400 624 3462 terram
649 3395 750 3461 Gesse
775 3397 941 3476 exiremus,
969 3396 1001 3460 id
1026 3400 1076 3462 est
1098 3396 1138 3461 ad
1161 3398 1337 3475 oluitatem,
1361 3416 1442 3481 quae

293 3504 471 3587 appellatur
508 3503 634 3578 Arabia,
675 3522 755 3585 quae
794 3502 908 3567 ciuitas
944 3504 977 3567 in
1015 3506 1099 3568 terra
1131 3502 1231 3570 (Iesse
1268 3506 1332 3581 est;
1368 3522 1443 3568 nam

293 3610 365 3675 inde
392 3611 497 3694 ipsum
530 3610 724 3675 territorium
753 3610 799 3674 sic
828 3610 1016 3693 appellatur,
1044 3609 1077 3674 id
1110 3613 1159 3675 est
1186 3614 1270 3675 terra
1296 3610 1442 3687 Arabiae,
1545 3661 1546 3688 ,

385 3838 416 3891 17
437 3836 470 3891 el.
489 3836 570 3891 Num.
592 3836 633 3901 10,
655 3836 687 3890 12
706 3842 732 3890 et
751 3836 795 3898 33,
813 3836 849 3890 36
903 3836 938 3890 29
958 3836 991 3889 ef.
1011 3834 1078 3890 Gen.
1097 3836 1142 3899 46,
1161 3836 1196 3890 34
1214 3834 1314 3905 (Sept.)

332 3976 489 4031 Iduoentis
508 3980 535 4032 A
626 3976 777 4031 3Iaranite
797 3975 825 4031 A
909 3977 942 4031 12
961 3976 995 4031 ad
1014 3979 1134 4030 montem
1153 3977 1179 4029 A
1199 3992 1215 4029 a
1233 3980 1326 4029 moute
1343 3976 1444 4044 sampsi

297 4066 328 4119 13
347 4066 447 4120 uerbo:
466 4068 567 4120 reuersi
586 4071 771 4135 sunt-usque
786 4066 821 4119 ad
836 4082 895 4120 enm
909 4065 998 4120 loonm
1014 4083 1034 4119 a
1048 4065 1166 4119 librario
1180 4065 1282 4119 omaso
1295 4064 1327 4117 in
1340 4064 1441 4134 infima
1545 4089 1546 4094 ι

242 4138 248 4156 “
291 4154 400 4223 pagnino
417 4153 571 4208 maneribus
590 4154 720 4208 lilterule's
737 4154 841 4222 scripta
860 4159 972 4208 exstant
1030 4154 1065 4207 20
1084 4168 1193 4207 necesse
1211 4168 1262 4205 nos
1281 4151 1334 4205 fnit
1353 4152 1440 4206 denuo

296 4250 323 4297 et
350 4243 388 4297 ibi
417 4242 504 4297 denuo
532 4260 667 4297 resumere
695 4246 734 4309 A;
765 4245 846 4315 prius
873 4244 961 4297 denno
990 4248 1057 4312 post
1083 4244 1251 4297 uenissemus
1280 4241 1442 4311 transposui

295 4334 330 4387 22
348 4334 466 4387 terraA
538 4349 617 4386 nosse
636 4336 663 4386 A
717 4333 751 4386 26
771 4333 817 4401 qui
835 4332 874 4386 ibi
895 4336 938 4386 est
957 4334 985 4386 A
