3125 4942
646 473 775 527 Baeda

339 665 439 722 XVIII.
459 666 507 720 DE
526 663 606 720 SITV
625 665 888 721 ALEXANDRIAII
907 666 952 720 ΕΤ
971 666 1068 722 NILO.

169 794 360 858 Alexandria
387 795 425 858 ab
450 811 564 859 occasu
587 793 618 858 in
644 795 748 859 ortum
773 793 850 858 solis
873 793 969 876 longa
992 793 1030 858 ab
1055 795 1162 858 austro
1187 793 1279 857 ostiis

123 900 194 964 Nili
218 901 365 986 cingitur,
385 900 424 964 ab
448 899 595 983 aquilone
618 900 690 964 lacu
709 899 894 976 Mareotico,
914 899 1006 964 cuius
1028 903 1140 981 portus
1165 898 1278 964 ceteris

124 1006 288 1071 difficilior
315 1008 407 1092 quasi
434 1007 474 1070 ad
496 1007 628 1071 formam
653 1007 782 1072 humani
808 1007 946 1089 eorporis
970 1007 1002 1070 in
1027 1007 1129 1088 capite
1151 1007 1222 1090 ipso
1247 1009 1280 1070 et

91 1114 266 1178 notatione
299 1113 452 1196 capacior,
485 1113 518 1176 in
550 1113 697 1177 faucibus
735 1133 810 1179 uero
848 1113 1022 1197 angustior,
1056 1131 1118 1196 qna
1154 1116 1277 1178 meatus

121 1218 223 1282 maris
251 1237 288 1282 ac
316 1218 446 1282 nauium
475 1219 622 1301 suscipit,
646 1219 763 1301 quibus
793 1218 948 1302 quaedam
973 1219 1111 1301 spirandi
1136 1219 1279 1284 subsidia

119 1325 233 1405 portui
262 1324 552 1389 subministrantur.
585 1325 648 1389 Vbi
677 1328 748 1409 quis
777 1325 941 1409 angustias
972 1328 1065 1408 atque
1090 1330 1277 1408 anapestus

120 1432 274 1508 euaserit,
302 1435 464 1513 tamquam
493 1432 616 1516 reliqua
645 1432 784 1514 eorporis
813 1433 924 1510 forma,
954 1432 1000 1497 ita
1027 1432 1153 1497 diffusio
1181 1433 1278 1498 maris

119 1538 219 1621 longe
247 1538 376 1620 lateque
404 1538 590 1604 extenditur.
633 1540 668 1604 In
703 1540 846 1604 eiusdem
880 1537 1006 1604 dextera
1037 1543 1148 1620 portus
1180 1557 1279 1621 parua

75 1668 100 1709 10
118 1643 229 1707 insula
260 1644 403 1720 habetur,
435 1645 468 1708 in
506 1664 569 1728 qua
599 1646 711 1724 Ferus,
744 1646 777 1710 id
815 1649 864 1710 est
900 1645 997 1709 turris
1037 1650 1088 1709 est
1132 1645 1277 1725 maxime,

118 1753 277 1814 nocturno
301 1755 442 1834 tempore
465 1751 663 1816 flammarum
686 1752 811 1817 facibus
836 1752 956 1828 ardens,
981 1771 1019 1816 ne
1044 1751 1170 1834 decepti
1192 1755 1277 1816 tene·

116 1855 189 1919 bris
218 1859 333 1920 nautae
361 1857 393 1920 in
422 1858 571 1940 scopulos
601 1858 742 1923 lucidant
774 1864 807 1922 et
840 1857 994 1923 uestibuli
1026 1857 1162 1922 limitem
1195 1876 1278 1922 com-

116 1962 316 2044 prehendere
336 1967 502 2045 nequeant,
519 1965 572 2045 qui
593 1969 626 2028 et
643 1965 712 2048 ipse
733 1984 858 2047 semper
876 1964 1039 2047 inquietus
1060 1967 1109 2029 est
1127 1963 1278 2029 fluetibus

117 2070 196 2133 binc
220 2069 292 2134 inde
316 2069 558 2135 conlidentibus.
595 2070 713 2136 Portus
738 2090 813 2136 nero
837 2070 982 2155 placidus
1008 2090 1142 2154 semper,
1168 2071 1278 2152 ampli-

73 2205 97 2243 u
115 2175 266 2240 tudinem
281 2173 400 2240 habens
415 2176 504 2240 XXX
520 2176 706 2245 stadiorum.
731 2179 759 2241 A
773 2181 863 2262 parte
877 2179 1015 2262 Aegypti
1031 2177 1142 2241 urbem
1162 2177 1278 2242 intran-

114 2283 208 2347 tibus
220 2282 258 2346 ad
269 2281 427 2347 dexteram
438 2283 576 2348 occurrit
585 2284 730 2361 ecelesia,
740 2285 772 2348 in
785 2303 846 2368 qua
860 2284 971 2348 beatus
987 2283 1186 2367 euangelista
1195 2283 1278 2346 Mar-

116 2408 176 2452 cus
191 2389 375 2470 requiescit,
393 2390 484 2455 cuins
504 2409 619 2475 corpus
638 2391 670 2454 ln
688 2391 833 2455 orientali
852 2393 939 2474 parte
960 2389 1103 2454 eiusdem
1122 2389 1276 2454 ecclesiae

116 2499 192 2558 ante
210 2494 307 2558 altare
323 2495 490 2560 humatum
505 2499 556 2561 est
573 2497 726 2561 memoria
746 2496 947 2579 superposIte
967 2495 1004 2560 de
1024 2496 1177 2578 quadrato
1197 2515 1277 2558 mar-

115 2619 210 2666 more
234 2600 328 2666 facta.
353 2601 445 2667 Circa
467 2601 577 2667 Nilum
601 2603 752 2688 Aegyptii
777 2622 908 2688 aggeres
933 2603 1058 2668 crebros
1082 2605 1211 2686 propter
1232 2603 1277 2666 in·

71 2738 97 2777 ao
114 2708 304 2792 ruptionem
324 2726 475 2790 aquarum
493 2708 596 2773 facere
616 2712 730 2781 solent,
746 2710 799 2792 qui
821 2711 849 2774 si
868 2711 949 2774 forto
969 2709 1137 2774 cristodum
1157 2709 1278 2773 incuria

115 2814 208 2898 rupti
237 2813 364 2888 fuerint,
387 2834 448 2879 non
477 2815 620 2900 irrigant,
645 2815 701 2880 sed
730 2816 914 2900 opprimunt
941 2818 1040 2880 terras
1066 2815 1276 2893 subiacentes,

115 2927 149 2986 et
169 2921 228 3004 qni
247 2920 340 3003 plana
358 2922 495 3005 Aegypti
514 2922 658 2988 incolunt
683 2943 780 3006 super
805 2923 891 2988 riuos
911 2942 1063 3005 equarum
1083 2922 1145 2985 sibi
1165 2921 1276 2985 domos

114 3027 246 3092 faciunt
267 3029 458 3092 transuersis
482 3027 626 3094 trabibus
652 3033 913 3113 superponentes.

113 3217 237 3273 XVIIII.
258 3217 307 3271 DE
327 3216 673 3273 CONSTANTINOPOLI
691 3219 737 3272 ΕΤ
755 3218 924 3274 BASILICA
943 3217 983 3272 IN
1002 3218 1058 3284 EA,
1078 3216 1173 3282 QVAE
1193 3217 1275 3271 GRV·

70 3338 95 3376 25
477 3305 551 3361 CEM
570 3306 707 3361 DOMINI
726 3306 921 3362 CONTINET.

162 3415 457 3498 Constantinopolis
471 3416 610 3498 nudique
624 3419 749 3499 praeter
762 3416 942 3499 aquilonem
961 3415 1039 3479 mari
1059 3414 1172 3490 cincta,
1192 3413 1276 3497 quod

114 3544 133 3586 a
162 3521 248 3586 mari
275 3541 389 3606 magno
414 3522 468 3585 LX
496 3521 628 3586 milibus
656 3542 812 3606 passuum
841 3541 942 3604 nsque
970 3522 1008 3585 ad
1041 3541 1166 3584 murum
1200 3520 1275 3585 ciui-

214 3694 354 3750 lAdamn.
370 3712 394 3765 p.
410 3695 471 3759 278,
488 3696 500 3749 1
518 3713 552 3748 ss.
569 3695 670 3764 Heges.
684 3713 709 3766 p.
725 3697 787 3759 264,
805 3696 817 3749 1
835 3713 869 3752 es.
925 3695 959 3748 24
970 3693 1083 3749 Adamu.
1097 3712 1122 3763 p.
1134 3694 1195 3756 284,
1211 3694 1273 3746 3ss.

151 3819 307 3873 ihortum
325 3817 363 3870 Μ
432 3817 522 3887 ostiis]
544 3817 607 3871 otiis
625 3817 664 3871 M
733 3819 834 3888 5qna]
854 3833 922 3886 quae
941 3820 969 3871 A
1042 3817 1160 3885 letque
1179 3831 1229 3868 om.
1249 3815 1277 3868 P

113 3908 174 3978 ora]
195 3907 266 3960 hora
283 3905 348 3958 AM
400 3904 545 3959 8diffusio
564 3907 595 3958 in
614 3923 718 3960 rasura
741 3907 767 3958 V
815 3907 945 3960 Odertra
963 3906 990 3958 P
1045 3906 1077 3958 12
1098 3901 1274 3972 comprehen-

114 3994 254 4060 derenV
308 3995 340 4048 13
359 3999 505 4063 nequeant,
525 3999 589 4048 eant
608 3998 634 4048 2.
653 4011 688 4048 m.
707 3997 739 4048 in
758 4011 861 4048 rasura
879 3994 906 4046 P
978 3997 1006 4046 at
1025 3991 1127 4047 om.M
1198 3991 1274 4044 floci-

112 4115 167 4167 bus
188 4113 220 4165 P
279 4111 311 4165 15
329 4109 433 4163 habens
452 4126 502 4165 orn.
523 4110 581 4163 PV
639 4111 672 4165 16
692 4109 832 4164 deteraP
886 4112 917 4163 17
938 4075 1047 4163 orientali
1067 4125 1136 4162 corr.
1157 4112 1181 4160 1.
1201 4106 1278 4160 m.P

114 4203 149 4254 19
171 4197 313 4271 egyptiA
333 4198 426 4266 egypti
445 4197 544 4267 (egipti
570 4197 605 4264 V)
620 4198 720 4251 flumen
738 4197 796 4251 PV
847 4198 881 4249 23
900 4197 1023 4250 trauibus
1041 4195 1069 4248 P
1122 4195 1157 4248 24
1177 4195 1274 4248 titulus

113 4292 191 4346 decet
215 4289 249 4340 iu
273 4286 331 4340 cod.
351 4286 394 4350 M,
413 4286 461 4339 aed
478 4285 553 4339 duae
571 4287 663 4340 lineae
678 4303 789 4341 comae
806 4288 919 4341 relictae
936 4291 1001 4340 eunt
1020 4285 1056 4338 M
1126 4283 1160 4336 26
1181 4281 1275 4336 littera

110 4377 245 4433 initialia
264 4374 284 4430 G
303 4353 437 4429 s'ncboata
455 4375 552 4428 relicto
571 4380 609 4428 eet
627 4376 664 4429 M
716 4375 783 4428 mari
803 4377 892 4428 cincta
911 4373 984 4444 quod
1004 4391 1019 4427 a
1038 4389 1089 4428 om.
1109 4371 1146 4424 M

141 4502 281 4544 xxxvun
294 4501 347 4542 run.
362 4499 478 4541 aserenon
1187 4479 1219 4531 21
