3125 4942
275 448 319 510 94
576 442 733 497 Itinera
760 442 1131 512 Hierosolymitena

276 634 440 699 descendit
471 634 613 717 spiritus,
637 636 675 697 91
705 652 814 698 omnes
846 633 975 717 liuguae
1000 634 1210 700 <audirentur
1237 640 1424 714 91919999)

274 742 504 825 intellegerent,
543 759 622 823 quae
660 739 859 817 dicebantur;
900 740 1106 824 postmodum
1146 741 1183 806 fit
1221 742 1328 808 ordine
1366 764 1424 809 suo

274 849 383 914 missa.
442 846 524 913 Nam
556 844 733 930 presbyteri
766 845 805 909 de
841 846 902 910 hoc
942 846 1047 929 ipsud,
1081 847 1166 929 quod
1207 849 1327 914 lectum
1365 858 1425 924 est,

275 955 350 1038 quie
380 956 449 1037 ipse
483 956 532 1018 est
563 954 653 1017 locus
690 952 723 1015 in
757 952 852 1035 Syon,
886 952 949 1017 9119
979 953 1073 1019 modo
1110 954 1246 1020 ecclesia
1278 960 1338 1034 est,
1371 958 1427 1021 ubi

276 1062 432 1145 quondam
456 1063 532 1143 post
553 1060 734 1145 passionem
754 1058 884 1124 Domini
907 1060 1043 1124 collecta
1065 1063 1133 1125 erat
1153 1062 1328 1127 multitudo
1354 1083 1427 1128 cum
1456 1089 1469 1129 r

275 1169 439 1253 apostolis,
474 1169 622 1250 9991199
649 1168 773 1232 factum
801 1171 860 1241 est,
896 1170 932 1231 ut
964 1168 1111 1250 superius
1139 1168 1286 1245 diximus,
1313 1170 1428 1253 legunt

274 1276 320 1340 ibi
344 1276 381 1339 ds
405 1276 530 1339 actibus
554 1276 781 1357 apostolorum.
810 1273 1020 1338 Postmodum
1043 1274 1081 1337 fit
1103 1274 1211 1339 ordine
1235 1294 1292 1340 suo
1316 1277 1426 1352 missa,

276 1384 405 1448 offertur
433 1386 465 1445 et
492 1381 547 1459 ibi,
582 1386 613 1445 91
640 1382 703 1445 inm
731 1385 768 1445 ut
797 1380 977 1445 dimittatur
1004 1383 1152 1464 populus,
1184 1381 1287 1447 mittit
1312 1402 1426 1447 uocem

276 1490 515 1554 archidiaconus
556 1492 588 1553 91
621 1488 719 1553 dicet:
753 1489 859 1553 Hodie
894 1489 1001 1553 statim
1034 1493 1109 1572 post
1140 1492 1229 1553 sexta
1256 1508 1367 1554 omues
1394 1490 1427 1553 in

245 1596 393 1662 41119999
430 1595 535 1677 parati
572 1596 673 1659 simus
710 1596 742 1659 in
779 1597 943 1660 Inbomon.
989 1597 1175 1661 Reuertitur
1212 1615 1285 1679 ergo
1324 1596 1471 1663 omnisne

275 1705 413 1786 populus
436 1702 656 1785 unusquisque
680 1702 712 1766 in
737 1702 868 1767 domum
892 1722 982 1767 suam
1006 1722 1168 1768 resumere
1193 1722 1227 1767 99
1256 1706 1288 1767 91
1317 1704 1427 1767 statim

275 1812 349 1891 post
379 1808 547 1892 prandium
585 1808 767 1873 ascenditur
799 1828 891 1874 mons
921 1808 1051 1886 Oliueti,
1084 1809 1118 1873 id
1151 1812 1201 1873 est
1232 1809 1264 1872 in
1297 1810 1427 1884 Eleona,

275 1917 495 1999 unusquisque
533 1915 690 1997 quomodo
728 1918 845 1997 potest,
883 1916 928 1980 ita
963 1919 1002 1980 ut
1036 1916 1144 1981 991199
1183 1916 1428 1980 christianorum

246 2023 437 2087 5remaueat
465 2023 495 2085 19
521 2022 661 2099 91911919,
691 2022 829 2104 quinon
854 2042 963 2087 omnes
987 2022 1114 2087 eadent.
1153 2020 1428 2101 Quemadmodum

277 2148 350 2215 ergo
388 2129 531 2194 subitum
567 2129 666 2193 fuerit
700 2128 732 2193 in
770 2132 877 2193 monte
911 2128 1041 2209 Oliueti,
1077 2130 1112 2193 id
1148 2134 1198 2193 991
1232 2129 1265 2193 19
1297 2128 1426 2203 Etenna,
1447 2153 1470 2191 9

275 2238 413 2320 primum
440 2236 505 2300 itur
531 2237 562 2299 in
591 2236 766 2314 Imbomon,
803 2236 836 2300 id
866 2240 915 2301 991
942 2236 974 2300 19
1002 2256 1038 2301 99
1061 2238 1144 2314 1999,
1171 2237 1255 2301 9919
1284 2234 1428 2299 ascendit

274 2342 430 2409 Dominus
453 2344 485 2407 in
511 2342 618 2419 caelis,
643 2346 675 2407 et
696 2342 741 2406 ibi
765 2342 857 2406 sedet
879 2344 1048 2426 episcopus
1073 2342 1313 2426 etpresbyteri,
1336 2340 1427 2405 sedet

277 2450 378 2516 omnis
410 2451 559 2533 populus,
597 2450 748 2533 leguntur
779 2449 825 2514 ibi
856 2450 1021 2529 lectiones,
1059 2450 1209 2514 dicuntur
1245 2448 1427 2531 interpositi

274 2557 372 2641 ymni,
397 2557 546 2622 dicuntur
570 2560 602 2620 et
624 2556 815 2639 antiphonae
835 2561 926 2640 aptae
946 2557 1008 2621 diei
1025 2557 1088 2639 ipsi
1108 2561 1140 2621 et
1156 2557 1242 2633 loco;
1268 2556 1425 2621 orationes

151 2654 220 2751 [71]
275 2663 382 2741 etiarn,
398 2682 478 2745 quae
491 2664 743 2745 interponuntur,
765 2661 769 2745 Ι
792 2681 917 2745 semper
925 2664 1007 2727 tales
1016 2662 1289 2746 pronuntiationes
1297 2662 1425 2737 habeut,
1444 2690 1469 2729 99

275 2771 313 2835 91
341 2772 374 2833 91
402 2769 464 2835 1191
488 2769 613 2833 etloco
638 2770 845 2844 conuentura
874 2769 992 2852 legitur
1015 2769 1167 2833 etiamst
1193 2768 1248 2833 1119
1270 2768 1361 2833 19999
1386 2767 1425 2832 19

276 2877 452 2961 euangelio,
481 2876 536 2941 ubi
565 2876 642 2941 dicit
669 2875 707 2939 do
736 2894 868 2940 ascensu
893 2875 1030 2953 Domini,
1058 2875 1178 2959 legitur
1204 2879 1238 2939 91
1260 2874 1362 2939 denuo
1387 2874 1425 2939 dc

275 2986 365 3047 actus
389 2983 616 3065 apostolorum,
636 2982 691 3045 ubi
710 2982 788 3047 dicit
807 2982 845 3046 de
869 3001 1002 3047 ascensu
1025 2983 1152 3047 Domini
1176 2982 1209 3046 iu
1232 2981 1329 3046 caelis
1352 2984 1427 3064 poet

245 3089 548 3155 dresurrectionem.
591 3088 671 3155 Cum
700 3092 808 3153 autem
835 3088 895 3152 hoc
917 3089 1038 3153 factum
1060 3089 1168 3168 fuerit,
1196 3087 1427 3152 benedicuntur

276 3196 498 3273 cathecumini,
523 3197 568 3261 sic
591 3196 712 3273 fideles,
738 3198 770 3261 91
794 3196 870 3260 hora
887 3195 951 3259 iam
969 3215 1052 3260 nona
1077 3196 1279 3260 descenditur
1296 3194 1370 3259 inde
1394 3199 1467 3262 919

276 3322 348 3367 cum
376 3303 478 3386 ymnis
503 3302 570 3368 itur
597 3302 636 3367 ad
664 3302 753 3367 illam
782 3301 959 3379 ecclesiam,
988 3322 1067 3385 9999
1095 3304 1128 3367 91
1153 3303 1224 3384 1999
1250 3302 1282 3365 19
1305 3301 1425 3365 1119999

276 3411 335 3486 991,
359 3409 391 3473 11
416 3413 466 3475 991
485 3409 518 3473 19
539 3428 600 3492 999
619 3408 772 3492 spelunca
790 3408 902 3473 sedens
922 3408 1056 3473 docebat
1075 3408 1230 3473 Dominus
1250 3407 1423 3489 apostolos.

274 3518 325 3583 Ibi
348 3522 455 3583 autem
479 3536 552 3582 cum
576 3521 708 3581 uentum
732 3516 837 3592 fuerit,
861 3516 926 3579 iam
948 3519 1000 3581 991
1021 3516 1100 3580 hora
1126 3516 1200 3598 plus
1224 3513 1359 3589 decima3
1387 3514 1425 3577 fit

366 3706 596 3771 ldamac

313 3814 507 3869 laudirentur
524 3816 552 3867 91
571 3830 664 3867 ornnes
683 3813 749 3867 add.
768 3813 881 3867 Bounet
933 3823 935 3826 ·
970 3810 1165 3882 3praedicaut
1177 3818 1244 3881 poet
1262 3812 1362 3866 lectum
1382 3816 1424 3866 991

277 3906 341 3959 add.
363 3902 539 3958 0191919191
575 3902 665 3972 61991
680 3902 707 3955 A
725 3902 822 3971 legunt
841 3901 911 3955 coni.
933 3900 1101 3955 Gomorriui
1140 3900 1259 3954 8etism
1277 3904 1305 3954 A
1323 3904 1352 3955 91
1368 3902 1424 3953 iarn

275 3994 372 4063 sumpsi
391 4008 450 4047 crem
467 3990 644 4045 Gtolcdm'ct·
690 3990 771 4044 1019
790 3990 1005 4043 antelnbomon
1025 3988 1284 4044 911101919919191
1330 3990 1362 4044 13
1378 3990 1423 4059 991

275 4080 355 4137 modo
378 4081 553 4135 0191919191
640 4079 847 4134 christianorum
866 4080 901 4143 A,
919 4095 978 4133 uon
995 4078 1167 4139 christianus,
1184 4083 1217 4130 91
1236 4077 1304 4131 dicit
1323 4078 1423 4133 01919-

277 4171 364 4224 19191
418 4170 602 4239 14991999]
622 4168 747 4238 quoniam
766 4168 900 4222 Bernard
917 4167 981 4236 quin
1003 4166 1179 4220 OEeclodm'at·
1234 4167 1266 4222 15
1285 4167 1378 4221 subito
1396 4168 1423 4221 A

276 4261 397 4314 subitum
414 4260 513 4327 scripsi
531 4274 591 4312 999
608 4256 784 4312 0191919191
819 4254 1231 4311 21999999199161919119191
1267 4256 1302 4311 23
1317 4256 1382 4311 celis
1397 4258 1423 4310 A

276 4343 1257 4419 ffimAfflmmmmmffmmmmmw
