<?xml version="1.0" encoding="UTF-8"?>
<!DOCTYPE html PUBLIC "-//W3C//DTD XHTML 1.0 Transitional//EN"
    "http://www.w3.org/TR/xhtml1/DTD/xhtml1-transitional.dtd">
<html xmlns="http://www.w3.org/1999/xhtml" xml:lang="en" lang="en">
 <head>
  <title>
</title>
<meta http-equiv="Content-Type" content="text/html;charset=utf-8" />
  <meta name='ocr-system' content='tesseract 3.04.00' />
  <meta name='ocr-capabilities' content='ocr_page ocr_carea ocr_par ocr_line ocrx_word'/>
</head>
<body>
  <div class='ocr_page' id='page_1' title='image "./corpusscriptoru17wissgoog_0357.png"; bbox 0 0 3125 4942; ppageno 0'>
   <div class='ocr_carea' id='block_1_1' title="bbox 609 435 1304 508">
    <p class='ocr_par' dir='ltr' id='par_1_1' title="bbox 609 435 1304 508">
     <span class='ocr_line' id='line_1_1' title="bbox 609 435 1304 508; baseline -0.003 -18"><span class='ocrx_word' id='word_1_1' title='bbox 609 435 854 490; x_wconf 80' lang='lat' dir='ltr'>Adamnanus</span> <span class='ocrx_word' id='word_1_2' title='bbox 1240 444 1304 508; x_wconf 81' lang='lat'>291</span> 
     </span>
    </p>
   </div>
   <div class='ocr_carea' id='block_1_2' title="bbox 99 628 1306 2847">
    <p class='ocr_par' dir='ltr' id='par_1_2' title="bbox 99 628 1306 2847">
     <span class='ocr_line' id='line_1_2' title="bbox 153 628 1305 714; baseline 0.003 -20"><span class='ocrx_word' id='word_1_3' title='bbox 153 629 437 712; x_wconf 86' lang='lat' dir='ltr'>stautinopolitana</span> <span class='ocrx_word' id='word_1_4' title='bbox 464 629 543 694; x_wconf 90' lang='lat' dir='ltr'>urbs</span> <span class='ocrx_word' id='word_1_5' title='bbox 570 628 788 695; x_wconf 72' lang='lat' dir='ltr'>indubitanter</span> <span class='ocrx_word' id='word_1_6' title='bbox 814 630 936 708; x_wconf 77' lang='lat' dir='ltr'>didicit,</span> <span class='ocrx_word' id='word_1_7' title='bbox 964 631 1020 714; x_wconf 87' lang='lat' dir='ltr'>qui</span> <span class='ocrx_word' id='word_1_8' title='bbox 1047 631 1108 698; x_wconf 86' lang='lat' dir='ltr'>boo</span> <span class='ocrx_word' id='word_1_9' title='bbox 1140 633 1233 697; x_wconf 91' lang='lat' dir='ltr'>modo</span> <span class='ocrx_word' id='word_1_10' title='bbox 1267 633 1305 698; x_wconf 93' lang='lat' dir='ltr'>ds</span> 
     </span>
     <span class='ocr_line' id='line_1_3' title="bbox 152 736 1306 818; baseline 0.003 -17"><span class='ocrx_word' id='word_1_11' title='bbox 152 736 209 801; x_wconf 94' lang='lat' dir='ltr'>illo</span> <span class='ocrx_word' id='word_1_12' title='bbox 230 740 339 801; x_wconf 88' lang='lat' dir='ltr'>sancto</span> <span class='ocrx_word' id='word_1_13' title='bbox 359 736 538 801; x_wconf 81' lang='lat' dir='ltr'>consessore</span> <span class='ocrx_word' id='word_1_14' title='bbox 558 737 759 818; x_wconf 90' lang='lat' dir='ltr'>pronuntiare</span> <span class='ocrx_word' id='word_1_15' title='bbox 779 738 867 802; x_wconf 87' lang='lat' dir='ltr'>soliti</span> <span class='ocrx_word' id='word_1_16' title='bbox 886 739 975 802; x_wconf 87' lang='lat' dir='ltr'>eraut</span> <span class='ocrx_word' id='word_1_17' title='bbox 993 738 1148 803; x_wconf 89' lang='lat' dir='ltr'>dicentes:</span> <span class='ocrx_word' id='word_1_18' title='bbox 1169 738 1306 818; x_wconf 81' lang='lat' dir='ltr'>Quidam</span> 
     </span>
     <span class='ocr_line' id='line_1_4' title="bbox 153 835 1306 929; baseline 0.003 -21"><span class='ocrx_word' id='word_1_19' title='bbox 153 845 368 909; x_wconf 75' lang='lat' dir='ltr'><strong>homunculus</strong></span> <span class='ocrx_word' id='word_1_20' title='bbox 392 843 564 910; x_wconf 89' lang='lat' dir='ltr'>saecularis</span> <span class='ocrx_word' id='word_1_21' title='bbox 588 835 767 926; x_wconf 88' lang='lat' dir='ltr'>Diospolim</span> <span class='ocrx_word' id='word_1_22' title='bbox 791 845 956 910; x_wconf 87' lang='lat' dir='ltr'>ciuitatem</span> <span class='ocrx_word' id='word_1_23' title='bbox 974 845 1007 910; x_wconf 93' lang='lat' dir='ltr'>in</span> <span class='ocrx_word' id='word_1_24' title='bbox 1025 865 1106 929; x_wconf 87' lang='lat' dir='ltr'>equo</span> <span class='ocrx_word' id='word_1_25' title='bbox 1126 847 1240 912; x_wconf 90' lang='lat' dir='ltr'>sedens</span> <span class='ocrx_word' id='word_1_26' title='bbox 1259 848 1306 912; x_wconf 92' lang='lat' dir='ltr'>in-</span> 
     </span>
     <span class='ocr_line' id='line_1_5' title="bbox 153 950 1306 1034; baseline 0.004 -20"><span class='ocrx_word' id='word_1_27' title='bbox 153 969 284 1034; x_wconf 87' lang='lat' dir='ltr'>gressus</span> <span class='ocrx_word' id='word_1_28' title='bbox 309 970 344 1015; x_wconf 92' lang='lat' dir='ltr'>eo</span> <span class='ocrx_word' id='word_1_29' title='bbox 368 951 400 1016; x_wconf 92' lang='lat' dir='ltr'>in</span> <span class='ocrx_word' id='word_1_30' title='bbox 423 955 576 1034; x_wconf 85' lang='lat' dir='ltr'>tempore,</span> <span class='ocrx_word' id='word_1_31' title='bbox 601 970 663 1034; x_wconf 91' lang='lat' dir='ltr'>quo</span> <span class='ocrx_word' id='word_1_32' title='bbox 689 950 727 1014; x_wconf 92' lang='lat' dir='ltr'>ad</span> <span class='ocrx_word' id='word_1_33' title='bbox 751 951 980 1032; x_wconf 84' lang='lat' dir='ltr'>expeditionem</span> <span class='ocrx_word' id='word_1_34' title='bbox 1005 952 1180 1018; x_wconf 86' lang='lat' dir='ltr'>faciendam</span> <span class='ocrx_word' id='word_1_35' title='bbox 1201 955 1306 1019; x_wconf 90' lang='lat' dir='ltr'>multa</span> 
     </span>
     <span class='ocr_line' id='line_1_6' title="bbox 119 1057 1304 1141; baseline 0.006 -21"><span class='ocrx_word' id='word_1_36' title='bbox 119 1082 133 1120; x_wconf 79' lang='lat' dir='ltr'>s</span> <span class='ocrx_word' id='word_1_37' title='bbox 152 1059 344 1141; x_wconf 91' lang='lat' dir='ltr'>populorum</span> <span class='ocrx_word' id='word_1_38' title='bbox 366 1057 456 1122; x_wconf 88' lang='lat' dir='ltr'>milia</span> <span class='ocrx_word' id='word_1_39' title='bbox 476 1057 615 1140; x_wconf 88' lang='lat' dir='ltr'>undique</span> <span class='ocrx_word' id='word_1_40' title='bbox 635 1057 865 1122; x_wconf 88' lang='lat' dir='ltr'>conueniebant</span> <span class='ocrx_word' id='word_1_41' title='bbox 882 1058 1025 1134; x_wconf 84' lang='lat' dir='ltr'>collecta,</span> <span class='ocrx_word' id='word_1_42' title='bbox 1044 1058 1133 1124; x_wconf 90' lang='lat' dir='ltr'>illam</span> <span class='ocrx_word' id='word_1_43' title='bbox 1152 1060 1304 1127; x_wconf 87' lang='lat' dir='ltr'>accedens</span> 
     </span>
     <span class='ocr_line' id='line_1_7' title="bbox 151 1163 1306 1247; baseline 0.004 -20"><span class='ocrx_word' id='word_1_44' title='bbox 151 1165 285 1228; x_wconf 87' lang='lat' dir='ltr'>intrauit</span> <span class='ocrx_word' id='word_1_45' title='bbox 310 1163 343 1229; x_wconf 91' lang='lat' dir='ltr'>iu</span> <span class='ocrx_word' id='word_1_46' title='bbox 371 1163 510 1242; x_wconf 89' lang='lat' dir='ltr'>domum,</span> <span class='ocrx_word' id='word_1_47' title='bbox 538 1164 569 1228; x_wconf 90' lang='lat' dir='ltr'>in</span> <span class='ocrx_word' id='word_1_48' title='bbox 599 1183 662 1246; x_wconf 87' lang='lat' dir='ltr'>quo</span> <span class='ocrx_word' id='word_1_49' title='bbox 689 1183 786 1247; x_wconf 89' lang='lat' dir='ltr'>supra</span> <span class='ocrx_word' id='word_1_50' title='bbox 812 1169 986 1230; x_wconf 87' lang='lat' dir='ltr'>memorata</span> <span class='ocrx_word' id='word_1_51' title='bbox 1012 1183 1188 1230; x_wconf 87' lang='lat' dir='ltr'>marmorea</span> <span class='ocrx_word' id='word_1_52' title='bbox 1220 1169 1306 1232; x_wconf 83' lang='lat' dir='ltr'>extat</span> 
     </span>
     <span class='ocr_line' id='line_1_8' title="bbox 152 1269 1305 1356; baseline 0.003 -22"><span class='ocrx_word' id='word_1_53' title='bbox 152 1272 302 1336; x_wconf 88' lang='lat' dir='ltr'>columna</span> <span class='ocrx_word' id='word_1_54' title='bbox 336 1271 369 1336; x_wconf 91' lang='lat' dir='ltr'>iu</span> <span class='ocrx_word' id='word_1_55' title='bbox 408 1289 442 1336; x_wconf 94' lang='lat' dir='ltr'>se</span> <span class='ocrx_word' id='word_1_56' title='bbox 479 1271 580 1336; x_wconf 89' lang='lat' dir='ltr'>sancti</span> <span class='ocrx_word' id='word_1_57' title='bbox 614 1271 803 1337; x_wconf 83' lang='lat' dir='ltr'>confessoris</span> <span class='ocrx_word' id='word_1_58' title='bbox 833 1269 962 1355; x_wconf 80' lang='lat' dir='ltr'>Georgii</span> <span class='ocrx_word' id='word_1_59' title='bbox 994 1271 1113 1337; x_wconf 87' lang='lat' dir='ltr'>habens</span> <span class='ocrx_word' id='word_1_60' title='bbox 1146 1272 1305 1356; x_wconf 86' lang='lat' dir='ltr'>depictam</span> 
     </span>
     <span class='ocr_line' id='line_1_9' title="bbox 150 1376 1305 1462; baseline 0.002 -20"><span class='ocrx_word' id='word_1_61' title='bbox 150 1378 335 1462; x_wconf 84' lang='lat' dir='ltr'>imaginem,</span> <span class='ocrx_word' id='word_1_62' title='bbox 369 1378 409 1443; x_wconf 90' lang='lat' dir='ltr'>ad</span> <span class='ocrx_word' id='word_1_63' title='bbox 446 1397 541 1461; x_wconf 89' lang='lat' dir='ltr'>quam</span> <span class='ocrx_word' id='word_1_64' title='bbox 579 1379 671 1460; x_wconf 89' lang='lat' dir='ltr'>quasi</span> <span class='ocrx_word' id='word_1_65' title='bbox 707 1378 746 1443; x_wconf 92' lang='lat' dir='ltr'>ad</span> <span class='ocrx_word' id='word_1_66' title='bbox 778 1380 978 1461; x_wconf 79' lang='lat' dir='ltr'>praesentem</span> <span class='ocrx_word' id='word_1_67' title='bbox 1011 1376 1184 1462; x_wconf 82' lang='lat' dir='ltr'>Georgium</span> <span class='ocrx_word' id='word_1_68' title='bbox 1215 1380 1305 1462; x_wconf 85' lang='lat' dir='ltr'>loqui</span> 
     </span>
     <span class='ocr_line' id='line_1_10' title="bbox 151 1483 1303 1569; baseline 0.001 -19"><span class='ocrx_word' id='word_1_69' title='bbox 151 1485 259 1568; x_wconf 88' lang='lat' dir='ltr'>coepit</span> <span class='ocrx_word' id='word_1_70' title='bbox 272 1485 395 1550; x_wconf 90' lang='lat' dir='ltr'>dicens:</span> <span class='ocrx_word' id='word_1_71' title='bbox 415 1485 478 1549; x_wconf 85' lang='lat' dir='ltr'>‘Me</span> <span class='ocrx_word' id='word_1_72' title='bbox 496 1485 566 1562; x_wconf 82' lang='lat' dir='ltr'>tibi,</span> <span class='ocrx_word' id='word_1_73' title='bbox 583 1483 721 1569; x_wconf 81' lang='lat' dir='ltr'>Georgio</span> <span class='ocrx_word' id='word_1_74' title='bbox 741 1484 924 1560; x_wconf 80' lang='lat' dir='ltr'>confessori,</span> <span class='ocrx_word' id='word_1_75' title='bbox 940 1488 973 1549; x_wconf 86' lang='lat' dir='ltr'>et</span> <span class='ocrx_word' id='word_1_76' title='bbox 990 1504 1097 1549; x_wconf 86' lang='lat' dir='ltr'>meum</span> <span class='ocrx_word' id='word_1_77' title='bbox 1117 1488 1303 1551; x_wconf 88' lang='lat' dir='ltr'>commendo</span> 
     </span>
     <span class='ocr_line' id='line_1_11' title="bbox 105 1591 1303 1675; baseline 0.002 -19"><span class='ocrx_word' id='word_1_78' title='bbox 105 1617 131 1657; x_wconf 87' lang='lat'>10</span> <span class='ocrx_word' id='word_1_79' title='bbox 151 1610 281 1674; x_wconf 79' lang='lat' dir='ltr'>equum,</span> <span class='ocrx_word' id='word_1_80' title='bbox 310 1595 343 1656; x_wconf 90' lang='lat' dir='ltr'>et</span> <span class='ocrx_word' id='word_1_81' title='bbox 370 1595 407 1658; x_wconf 89' lang='lat' dir='ltr'>ut</span> <span class='ocrx_word' id='word_1_82' title='bbox 434 1611 489 1675; x_wconf 89' lang='lat' dir='ltr'>per</span> <span class='ocrx_word' id='word_1_83' title='bbox 517 1591 693 1657; x_wconf 87' lang='lat' dir='ltr'>orationum</span> <span class='ocrx_word' id='word_1_84' title='bbox 726 1593 880 1656; x_wconf 90' lang='lat' dir='ltr'>uirtutem</span> <span class='ocrx_word' id='word_1_85' title='bbox 912 1595 1041 1657; x_wconf 87' lang='lat' dir='ltr'>tuarum</span> <span class='ocrx_word' id='word_1_86' title='bbox 1073 1593 1111 1656; x_wconf 84' lang='lat' dir='ltr'>ab</span> <span class='ocrx_word' id='word_1_87' title='bbox 1143 1592 1303 1660; x_wconf 84' lang='lat' dir='ltr'>uniuersis</span> 
     </span>
     <span class='ocr_line' id='line_1_12' title="bbox 149 1698 1302 1782; baseline 0.002 -19"><span class='ocrx_word' id='word_1_88' title='bbox 149 1699 308 1764; x_wconf 88' lang='lat' dir='ltr'>bellorum</span> <span class='ocrx_word' id='word_1_89' title='bbox 326 1702 421 1782; x_wconf 88' lang='lat' dir='ltr'>atque</span> <span class='ocrx_word' id='word_1_90' title='bbox 445 1699 627 1765; x_wconf 88' lang='lat' dir='ltr'>morborum</span> <span class='ocrx_word' id='word_1_91' title='bbox 650 1717 867 1782; x_wconf 81' lang='lat' dir='ltr'>aquarumque</span> <span class='ocrx_word' id='word_1_92' title='bbox 889 1699 1041 1781; x_wconf 86' lang='lat' dir='ltr'>periculis</span> <span class='ocrx_word' id='word_1_93' title='bbox 1064 1698 1190 1764; x_wconf 89' lang='lat' dir='ltr'>liberati</span> <span class='ocrx_word' id='word_1_94' title='bbox 1209 1699 1302 1765; x_wconf 87' lang='lat' dir='ltr'>ambo</span> 
     </span>
     <span class='ocr_line' id='line_1_13' title="bbox 149 1805 1304 1890; baseline 0.002 -21"><span class='ocrx_word' id='word_1_95' title='bbox 149 1805 189 1869; x_wconf 87' lang='lat' dir='ltr'>ad</span> <span class='ocrx_word' id='word_1_96' title='bbox 204 1805 287 1870; x_wconf 89' lang='lat' dir='ltr'>hano</span> <span class='ocrx_word' id='word_1_97' title='bbox 301 1825 402 1888; x_wconf 90' lang='lat' dir='ltr'>usque</span> <span class='ocrx_word' id='word_1_98' title='bbox 416 1808 527 1871; x_wconf 86' lang='lat' dir='ltr'>urbem</span> <span class='ocrx_word' id='word_1_99' title='bbox 541 1810 616 1889; x_wconf 91' lang='lat' dir='ltr'>post</span> <span class='ocrx_word' id='word_1_100' title='bbox 629 1805 838 1890; x_wconf 83' lang='lat' dir='ltr'>expeditionis</span> <span class='ocrx_word' id='word_1_101' title='bbox 851 1809 978 1888; x_wconf 86' lang='lat' dir='ltr'>tempus</span> <span class='ocrx_word' id='word_1_102' title='bbox 994 1807 1169 1871; x_wconf 85' lang='lat' dir='ltr'>incolumes</span> <span class='ocrx_word' id='word_1_103' title='bbox 1183 1807 1304 1871; x_wconf 88' lang='lat' dir='ltr'>reuersi</span> 
     </span>
     <span class='ocr_line' id='line_1_14' title="bbox 147 1911 1303 1996; baseline 0 -20"><span class='ocrx_word' id='word_1_104' title='bbox 147 1911 385 1996; x_wconf 86' lang='lat' dir='ltr'>perueniamus,</span> <span class='ocrx_word' id='word_1_105' title='bbox 416 1911 504 1976; x_wconf 88' lang='lat' dir='ltr'>etsi</span> <span class='ocrx_word' id='word_1_106' title='bbox 534 1912 593 1976; x_wconf 91' lang='lat' dir='ltr'>tibi</span> <span class='ocrx_word' id='word_1_107' title='bbox 625 1912 671 1976; x_wconf 84' lang='lat' dir='ltr'>ita</span> <span class='ocrx_word' id='word_1_108' title='bbox 703 1911 781 1976; x_wconf 85' lang='lat' dir='ltr'>daus</span> <span class='ocrx_word' id='word_1_109' title='bbox 814 1911 994 1977; x_wconf 79' lang='lat' dir='ltr'>misericors</span> <span class='ocrx_word' id='word_1_110' title='bbox 1027 1916 1168 1977; x_wconf 89' lang='lat' dir='ltr'>nostram</span> <span class='ocrx_word' id='word_1_111' title='bbox 1199 1932 1303 1978; x_wconf 89' lang='lat' dir='ltr'>reuer-</span> 
     </span>
     <span class='ocr_line' id='line_1_15' title="bbox 148 2018 1302 2102; baseline 0.001 -20"><span class='ocrx_word' id='word_1_112' title='bbox 148 2019 273 2083; x_wconf 84' lang='lat' dir='ltr'>siouem</span> <span class='ocrx_word' id='word_1_113' title='bbox 302 2018 468 2084; x_wconf 86' lang='lat' dir='ltr'>douauerit</span> <span class='ocrx_word' id='word_1_114' title='bbox 493 2037 675 2102; x_wconf 87' lang='lat' dir='ltr'>prosperum</span> <span class='ocrx_word' id='word_1_115' title='bbox 699 2018 873 2084; x_wconf 88' lang='lat' dir='ltr'>secundum</span> <span class='ocrx_word' id='word_1_116' title='bbox 898 2018 1059 2100; x_wconf 88' lang='lat' dir='ltr'>optionem</span> <span class='ocrx_word' id='word_1_117' title='bbox 1082 2022 1209 2085; x_wconf 86' lang='lat' dir='ltr'>nostrae</span> <span class='ocrx_word' id='word_1_118' title='bbox 1231 2039 1302 2102; x_wconf 91' lang='lat' dir='ltr'>par·</span> 
     </span>
     <span class='ocr_line' id='line_1_16' title="bbox 104 2124 1301 2210; baseline 0 -18"><span class='ocrx_word' id='word_1_119' title='bbox 104 2151 129 2192; x_wconf 81' lang='lat' dir='ltr'>rs</span> <span class='ocrx_word' id='word_1_120' title='bbox 148 2125 274 2204; x_wconf 88' lang='lat' dir='ltr'>uitatis,</span> <span class='ocrx_word' id='word_1_121' title='bbox 308 2143 367 2210; x_wconf 85' lang='lat' dir='ltr'>ego</span> <span class='ocrx_word' id='word_1_122' title='bbox 396 2125 479 2190; x_wconf 91' lang='lat' dir='ltr'>hunc</span> <span class='ocrx_word' id='word_1_123' title='bbox 508 2145 626 2202; x_wconf 83' lang='lat' dir='ltr'>meum,</span> <span class='ocrx_word' id='word_1_124' title='bbox 660 2145 754 2208; x_wconf 91' lang='lat' dir='ltr'>quem</span> <span class='ocrx_word' id='word_1_125' title='bbox 784 2124 878 2189; x_wconf 88' lang='lat' dir='ltr'>ualde</span> <span class='ocrx_word' id='word_1_126' title='bbox 906 2143 988 2203; x_wconf 82' lang='lat' dir='ltr'>amo,</span> <span class='ocrx_word' id='word_1_127' title='bbox 1016 2126 1128 2208; x_wconf 91' lang='lat' dir='ltr'>ippum</span> <span class='ocrx_word' id='word_1_128' title='bbox 1156 2125 1216 2189; x_wconf 88' lang='lat' dir='ltr'>tibi</span> <span class='ocrx_word' id='word_1_129' title='bbox 1243 2145 1301 2208; x_wconf 91' lang='lat' dir='ltr'>pro</span> 
     </span>
     <span class='ocr_line' id='line_1_17' title="bbox 147 2232 1301 2316; baseline 0.001 -20"><span class='ocrx_word' id='word_1_130' title='bbox 147 2251 281 2296; x_wconf 89' lang='lat' dir='ltr'>munere</span> <span class='ocrx_word' id='word_1_131' title='bbox 314 2232 493 2296; x_wconf 90' lang='lat' dir='ltr'>donandum</span> <span class='ocrx_word' id='word_1_132' title='bbox 526 2232 652 2298; x_wconf 83' lang='lat' dir='ltr'>offeram</span> <span class='ocrx_word' id='word_1_133' title='bbox 684 2233 716 2297; x_wconf 91' lang='lat' dir='ltr'>in</span> <span class='ocrx_word' id='word_1_134' title='bbox 753 2236 927 2316; x_wconf 89' lang='lat' dir='ltr'>conspeetu</span> <span class='ocrx_word' id='word_1_135' title='bbox 962 2235 1038 2296; x_wconf 89' lang='lat' dir='ltr'>tuas</span> <span class='ocrx_word' id='word_1_136' title='bbox 1076 2232 1301 2315; x_wconf 83' lang='lat' dir='ltr'>adsignaturus</span> 
     </span>
     <span class='ocr_line' id='line_1_18' title="bbox 147 2338 1300 2422; baseline 0 -19"><span class='ocrx_word' id='word_1_137' title='bbox 147 2339 329 2403; x_wconf 65' lang='lat' dir='ltr'>formulae?</span> <span class='ocrx_word' id='word_1_138' title='bbox 351 2338 430 2419; x_wconf 80' lang='lat' dir='ltr'>Quis</span> <span class='ocrx_word' id='word_1_139' title='bbox 455 2339 666 2404; x_wconf 81' lang='lat' dir='ltr'>sermunculis</span> <span class='ocrx_word' id='word_1_140' title='bbox 691 2339 780 2404; x_wconf 89' lang='lat' dir='ltr'>ocius</span> <span class='ocrx_word' id='word_1_141' title='bbox 803 2338 982 2404; x_wconf 88' lang='lat' dir='ltr'>terminatis</span> <span class='ocrx_word' id='word_1_142' title='bbox 1003 2338 1133 2403; x_wconf 89' lang='lat' dir='ltr'>domum</span> <span class='ocrx_word' id='word_1_143' title='bbox 1153 2357 1300 2422; x_wconf 86' lang='lat' dir='ltr'>egressus</span> 
     </span>
     <span class='ocr_line' id='line_1_19' title="bbox 146 2443 1301 2510; baseline 0 -2"><span class='ocrx_word' id='word_1_144' title='bbox 146 2446 231 2510; x_wconf 91' lang='lat' dir='ltr'>inter</span> <span class='ocrx_word' id='word_1_145' title='bbox 254 2445 408 2510; x_wconf 83' lang='lat' dir='ltr'>exereitus</span> <span class='ocrx_word' id='word_1_146' title='bbox 432 2443 673 2509; x_wconf 88' lang='lat' dir='ltr'>multitudinem</span> <span class='ocrx_word' id='word_1_147' title='bbox 692 2463 765 2508; x_wconf 91' lang='lat' dir='ltr'>cum</span> <span class='ocrx_word' id='word_1_148' title='bbox 784 2443 898 2509; x_wconf 84' lang='lat' dir='ltr'>ceteris</span> <span class='ocrx_word' id='word_1_149' title='bbox 917 2443 1196 2508; x_wconf 87' lang='lat' dir='ltr'>contubernalibus</span> <span class='ocrx_word' id='word_1_150' title='bbox 1216 2463 1301 2509; x_wconf 91' lang='lat' dir='ltr'>eom·</span> 
     </span>
     <span class='ocr_line' id='line_1_20' title="bbox 145 2549 1301 2633; baseline 0.001 -19"><span class='ocrx_word' id='word_1_151' title='bbox 145 2569 258 2616; x_wconf 89' lang='lat' dir='ltr'>means</span> <span class='ocrx_word' id='word_1_152' title='bbox 287 2551 372 2616; x_wconf 89' lang='lat' dir='ltr'>idem</span> <span class='ocrx_word' id='word_1_153' title='bbox 400 2551 569 2616; x_wconf 89' lang='lat' dir='ltr'>homuncio</span> <span class='ocrx_word' id='word_1_154' title='bbox 599 2551 630 2614; x_wconf 93' lang='lat' dir='ltr'>iu</span> <span class='ocrx_word' id='word_1_155' title='bbox 660 2550 868 2633; x_wconf 87' lang='lat' dir='ltr'>expeditionis</span> <span class='ocrx_word' id='word_1_156' title='bbox 896 2549 1052 2615; x_wconf 86' lang='lat' dir='ltr'>comitatu</span> <span class='ocrx_word' id='word_1_157' title='bbox 1075 2550 1220 2633; x_wconf 83' lang='lat' dir='ltr'>emigrat,</span> <span class='ocrx_word' id='word_1_158' title='bbox 1245 2550 1301 2632; x_wconf 90' lang='lat' dir='ltr'>qui</span> 
     </span>
     <span class='ocr_line' id='line_1_21' title="bbox 99 2656 1301 2740; baseline -0.003 -16"><span class='ocrx_word' id='word_1_159' title='bbox 99 2683 127 2726; x_wconf 73' lang='lat' dir='ltr'>so</span> <span class='ocrx_word' id='word_1_160' title='bbox 145 2661 224 2740; x_wconf 89' lang='lat' dir='ltr'>post</span> <span class='ocrx_word' id='word_1_161' title='bbox 260 2658 363 2723; x_wconf 89' lang='lat' dir='ltr'>multa</span> <span class='ocrx_word' id='word_1_162' title='bbox 394 2661 427 2722; x_wconf 90' lang='lat' dir='ltr'>ot</span> <span class='ocrx_word' id='word_1_163' title='bbox 459 2657 584 2724; x_wconf 90' lang='lat' dir='ltr'>diuersa</span> <span class='ocrx_word' id='word_1_164' title='bbox 615 2656 731 2722; x_wconf 86' lang='lat' dir='ltr'>bellica</span> <span class='ocrx_word' id='word_1_165' title='bbox 762 2657 914 2740; x_wconf 84' lang='lat' dir='ltr'>pericula,</span> <span class='ocrx_word' id='word_1_166' title='bbox 946 2657 1029 2721; x_wconf 90' lang='lat' dir='ltr'>inter</span> <span class='ocrx_word' id='word_1_167' title='bbox 1061 2676 1141 2738; x_wconf 89' lang='lat' dir='ltr'>quae</span> <span class='ocrx_word' id='word_1_168' title='bbox 1174 2657 1301 2722; x_wconf 87' lang='lat' dir='ltr'>misella</span> 
     </span>
     <span class='ocr_line' id='line_1_22' title="bbox 144 2763 1300 2847; baseline -0.001 -18"><span class='ocrx_word' id='word_1_169' title='bbox 144 2764 358 2846; x_wconf 90' lang='lat' dir='ltr'>plurimorum</span> <span class='ocrx_word' id='word_1_170' title='bbox 385 2763 475 2828; x_wconf 90' lang='lat' dir='ltr'>milia</span> <span class='ocrx_word' id='word_1_171' title='bbox 501 2763 765 2830; x_wconf 87' lang='lat' dir='ltr'>homunculorum</span> <span class='ocrx_word' id='word_1_172' title='bbox 794 2763 968 2828; x_wconf 90' lang='lat' dir='ltr'>constituta</span> <span class='ocrx_word' id='word_1_173' title='bbox 991 2763 1207 2847; x_wconf 85' lang='lat' dir='ltr'>disperierant,</span> <span class='ocrx_word' id='word_1_174' title='bbox 1230 2763 1300 2846; x_wconf 88' lang='lat' dir='ltr'>ipse</span> 
     </span>
    </p>
   </div>
   <div class='ocr_carea' id='block_1_3' title="bbox 143 3013 1301 3352">
    <p class='ocr_par' dir='ltr' id='par_1_3' title="bbox 143 3013 1301 3352">
     <span class='ocr_line' id='line_1_23' title="bbox 184 3013 1301 3086; baseline -0.002 -17"><span class='ocrx_word' id='word_1_175' title='bbox 184 3016 198 3069; x_wconf 95' lang='lat'>1</span> <span class='ocrx_word' id='word_1_176' title='bbox 230 3013 341 3077; x_wconf 86' lang='lat' dir='ltr'>dedicit,</span> <span class='ocrx_word' id='word_1_177' title='bbox 363 3015 412 3070; x_wconf 83' lang='lat' dir='ltr'>sed</span> <span class='ocrx_word' id='word_1_178' title='bbox 438 3031 505 3070; x_wconf 84' lang='lat' dir='ltr'>corr.</span> <span class='ocrx_word' id='word_1_179' title='bbox 525 3016 552 3070; x_wconf 89' lang='grc' dir='ltr'><em>Ζ</em></span> <span class='ocrx_word' id='word_1_180' title='bbox 624 3015 680 3086; x_wconf 89' lang='lat' dir='ltr'>qui]</span> <span class='ocrx_word' id='word_1_181' title='bbox 700 3015 778 3084; x_wconf 88' lang='lat' dir='ltr'>quasi</span> <span class='ocrx_word' id='word_1_182' title='bbox 800 3015 842 3069; x_wconf 88' lang='lat' dir='ltr'>Br</span> <span class='ocrx_word' id='word_1_183' title='bbox 899 3017 916 3068; x_wconf 84' lang='lat'><strong>2</strong></span> <span class='ocrx_word' id='word_1_184' title='bbox 945 3015 1056 3084; x_wconf 81' lang='lat' dir='ltr'>georgio</span> <span class='ocrx_word' id='word_1_185' title='bbox 1081 3014 1234 3068; x_wconf 85' lang='lat' dir='ltr'>confessore</span> <span class='ocrx_word' id='word_1_186' title='bbox 1256 3014 1301 3068; x_wconf 91' lang='lat' dir='ltr'>Br</span> 
     </span>
     <span class='ocr_line' id='line_1_24' title="bbox 143 3103 1300 3173; baseline -0.002 -15"><span class='ocrx_word' id='word_1_187' title='bbox 143 3105 161 3158; x_wconf 89' lang='lat'><strong>3</strong></span> <span class='ocrx_word' id='word_1_188' title='bbox 192 3104 348 3158; x_wconf 85' lang='lat' dir='ltr'>homolulns</span> <span class='ocrx_word' id='word_1_189' title='bbox 375 3103 404 3157; x_wconf 91' lang='lat' dir='ltr'><strong><em>P</em></strong></span> <span class='ocrx_word' id='word_1_190' title='bbox 547 3103 579 3158; x_wconf 88' lang='lat' dir='ltr'>de</span> <span class='ocrx_word' id='word_1_191' title='bbox 610 3103 754 3173; x_wconf 87' lang='lat' dir='ltr'>diospolim</span> <span class='ocrx_word' id='word_1_192' title='bbox 782 3105 825 3156; x_wconf 84' lang='lat' dir='ltr'>Br</span> <span class='ocrx_word' id='word_1_193' title='bbox 946 3105 963 3156; x_wconf 88' lang='grc'><strong>4</strong></span> <span class='ocrx_word' id='word_1_194' title='bbox 992 3119 1023 3156; x_wconf 96' lang='lat' dir='ltr'>eo</span> <span class='ocrx_word' id='word_1_195' title='bbox 1050 3105 1173 3171; x_wconf 87' lang='lat' dir='ltr'>temporo</span> <span class='ocrx_word' id='word_1_196' title='bbox 1201 3103 1300 3157; x_wconf 83' lang='lat' dir='ltr'>omisso</span> 
     </span>
     <span class='ocr_line' id='line_1_25' title="bbox 143 3188 1297 3260; baseline -0.002 -14"><span class='ocrx_word' id='word_1_197' title='bbox 143 3192 234 3246; x_wconf 84' lang='lat' dir='ltr'>inBr</span> <span class='ocrx_word' id='word_1_198' title='bbox 306 3191 405 3246; x_wconf 82' lang='lat' dir='ltr'>adom.</span> <span class='ocrx_word' id='word_1_199' title='bbox 424 3193 453 3247; x_wconf 99' lang='lat' dir='ltr'>Y</span> <span class='ocrx_word' id='word_1_200' title='bbox 504 3193 562 3246; x_wconf 85' lang='lat' dir='ltr'>&#39;lin</span> <span class='ocrx_word' id='word_1_201' title='bbox 578 3193 618 3260; x_wconf 88' lang='lat' dir='ltr'>se]</span> <span class='ocrx_word' id='word_1_202' title='bbox 634 3191 743 3246; x_wconf 81' lang='lat' dir='ltr'>inirem</span> <span class='ocrx_word' id='word_1_203' title='bbox 758 3191 802 3244; x_wconf 84' lang='lat' dir='ltr'>Br</span> <span class='ocrx_word' id='word_1_204' title='bbox 873 3190 1067 3246; x_wconf 86' lang='lat' dir='ltr'>sanctium.Z</span> <span class='ocrx_word' id='word_1_205' title='bbox 1119 3188 1297 3259; x_wconf 85' lang='lat' dir='ltr'>8adqusm]</span> 
     </span>
     <span class='ocr_line' id='line_1_26' title="bbox 144 3279 1301 3352; baseline -0.003 -16"><span class='ocrx_word' id='word_1_206' title='bbox 144 3286 231 3352; x_wconf 87' lang='lat' dir='ltr'>atque</span> <span class='ocrx_word' id='word_1_207' title='bbox 251 3281 293 3335; x_wconf 87' lang='lat' dir='ltr'>Br</span> <span class='ocrx_word' id='word_1_208' title='bbox 337 3283 468 3352; x_wconf 86' lang='lat' dir='ltr'>9georgi</span> <span class='ocrx_word' id='word_1_209' title='bbox 488 3297 557 3338; x_wconf 83' lang='lat' dir='ltr'>corr.</span> <span class='ocrx_word' id='word_1_210' title='bbox 576 3297 610 3336; x_wconf 79' lang='lat' dir='ltr'>ea</span> <span class='ocrx_word' id='word_1_211' title='bbox 629 3281 734 3350; x_wconf 85' lang='lat' dir='ltr'>georgii</span> <span class='ocrx_word' id='word_1_212' title='bbox 752 3281 796 3335; x_wconf 86' lang='lat' dir='ltr'>Br</span> <span class='ocrx_word' id='word_1_213' title='bbox 850 3279 1079 3334; x_wconf 82' lang='lat' dir='ltr'>confessoreP·i</span> <span class='ocrx_word' id='word_1_214' title='bbox 1094 3296 1128 3333; x_wconf 80' lang='lat' dir='ltr'>ex</span> <span class='ocrx_word' id='word_1_215' title='bbox 1142 3295 1170 3332; x_wconf 89' lang='lat' dir='ltr'>-e</span> <span class='ocrx_word' id='word_1_216' title='bbox 1189 3294 1257 3334; x_wconf 81' lang='lat' dir='ltr'>corr.</span> <span class='ocrx_word' id='word_1_217' title='bbox 1273 3279 1301 3332; x_wconf 85' lang='lat' dir='ltr'><strong><em>Z</em></strong></span> 
     </span>
    </p>
   </div>
   <div class='ocr_carea' id='block_1_4' title="bbox 142 3355 1314 3645">
    <p class='ocr_par' dir='ltr' id='par_1_4' title="bbox 142 3355 1314 3645">
     <span class='ocr_line' id='line_1_27' title="bbox 144 3355 1303 3466; baseline -0.003 -16"><span class='ocrx_word' id='word_1_218' title='bbox 144 3401 174 3450; x_wconf 88' lang='lat' dir='ltr'>et</span> <span class='ocrx_word' id='word_1_219' title='bbox 192 3413 298 3452; x_wconf 89' lang='lat' dir='ltr'>meeum</span> <span class='ocrx_word' id='word_1_220' title='bbox 313 3397 341 3450; x_wconf 94' lang='lat' dir='ltr'><strong><em>P</em></strong></span> <span class='ocrx_word' id='word_1_221' title='bbox 396 3398 429 3452; x_wconf 88' lang='lat'>10</span> <span class='ocrx_word' id='word_1_222' title='bbox 448 3414 563 3466; x_wconf 85' lang='lat' dir='ltr'>aequum</span> <span class='ocrx_word' id='word_1_223' title='bbox 577 3397 620 3450; x_wconf 88' lang='lat' dir='ltr'>Br</span> <span class='ocrx_word' id='word_1_224' title='bbox 691 3413 739 3466; x_wconf 86' lang='lat' dir='ltr'>per</span> <span class='ocrx_word' id='word_1_225' title='bbox 757 3413 809 3451; x_wconf 87' lang='lat' dir='ltr'>om.</span> <span class='ocrx_word' id='word_1_226' title='bbox 824 3397 851 3450; x_wconf 91' lang='lat' dir='ltr'><em>Z</em></span> <span class='ocrx_word' id='word_1_227' title='bbox 922 3355 1086 3448; x_wconf 67' lang='lat' dir='ltr'>oratioan</span> <span class='ocrx_word' id='word_1_228' title='bbox 1104 3394 1254 3448; x_wconf 89' lang='lat' dir='ltr'>orationem</span> <span class='ocrx_word' id='word_1_229' title='bbox 1272 3393 1303 3447; x_wconf 93' lang='lat' dir='ltr'>Y</span> 
     </span>
     <span class='ocr_line' id='line_1_28' title="bbox 142 3482 1314 3550; baseline -0.003 -10"><span class='ocrx_word' id='word_1_230' title='bbox 142 3487 287 3550; x_wconf 87' lang='lat' dir='ltr'>uirtutem,</span> <span class='ocrx_word' id='word_1_231' title='bbox 302 3487 350 3540; x_wconf 79' lang='lat' dir='ltr'>sed</span> <span class='ocrx_word' id='word_1_232' title='bbox 361 3503 429 3541; x_wconf 80' lang='lat' dir='ltr'>corr.</span> <span class='ocrx_word' id='word_1_233' title='bbox 446 3485 463 3541; x_wconf 82' lang='lat' dir='ltr'>l.</span> <span class='ocrx_word' id='word_1_234' title='bbox 477 3504 503 3540; x_wconf 93' lang='lat' dir='ltr'>m</span> <span class='ocrx_word' id='word_1_235' title='bbox 519 3485 637 3540; x_wconf 82' lang='lat' dir='ltr'>cr·asuZ</span> <span class='ocrx_word' id='word_1_236' title='bbox 647 3486 780 3540; x_wconf 87' lang='lat' dir='ltr'>uirtutum</span> <span class='ocrx_word' id='word_1_237' title='bbox 794 3485 824 3539; x_wconf 91' lang='lat' dir='ltr'>Y</span> <span class='ocrx_word' id='word_1_238' title='bbox 874 3483 909 3538; x_wconf 84' lang='lat' dir='ltr'>ad</span> <span class='ocrx_word' id='word_1_239' title='bbox 922 3484 1056 3538; x_wconf 89' lang='lat' dir='ltr'>uniuersis</span> <span class='ocrx_word' id='word_1_240' title='bbox 1064 3483 1109 3537; x_wconf 85' lang='lat' dir='ltr'>Br</span> <span class='ocrx_word' id='word_1_241' title='bbox 1156 3482 1314 3537; x_wconf 77' lang='lat' dir='ltr'>laertem.</span> 
     </span>
     <span class='ocr_line' id='line_1_29' title="bbox 142 3571 1300 3645; baseline -0.005 -15"><span class='ocrx_word' id='word_1_242' title='bbox 142 3593 197 3630; x_wconf 87' lang='lat' dir='ltr'>om.</span> <span class='ocrx_word' id='word_1_243' title='bbox 208 3575 253 3628; x_wconf 84' lang='lat' dir='ltr'>Br</span> <span class='ocrx_word' id='word_1_244' title='bbox 305 3575 888 3645; x_wconf 65' lang='lat' dir='ltr'>pertimescamoctecpropterscrc&#39;ptum</span> <span class='ocrx_word' id='word_1_245' title='bbox 898 3573 993 3627; x_wconf 80' lang='lat' dir='ltr'>erotZ</span> <span class='ocrx_word' id='word_1_246' title='bbox 1044 3571 1300 3626; x_wconf 84' lang='lat' dir='ltr'>incolomesPYBr</span> 
     </span>
    </p>
   </div>
   <div class='ocr_carea' id='block_1_5' title="bbox 141 3657 1301 4205">
    <p class='ocr_par' dir='ltr' id='par_1_5' title="bbox 141 3657 1301 4205">
     <span class='ocr_line' id='line_1_30' title="bbox 145 3657 1298 3762; baseline -0.004 -15"><span class='ocrx_word' id='word_1_247' title='bbox 145 3694 179 3747; x_wconf 88' lang='grc'>13</span> <span class='ocrx_word' id='word_1_248' title='bbox 200 3657 374 3762; x_wconf 74' lang='lat' dir='ltr'>peruenimus</span> <span class='ocrx_word' id='word_1_249' title='bbox 393 3707 461 3746; x_wconf 83' lang='lat' dir='ltr'>corr.</span> <span class='ocrx_word' id='word_1_250' title='bbox 481 3696 508 3746; x_wconf 86' lang='lat'>2.</span> <span class='ocrx_word' id='word_1_251' title='bbox 527 3709 562 3745; x_wconf 87' lang='lat' dir='ltr'>m.</span> <span class='ocrx_word' id='word_1_252' title='bbox 581 3692 608 3746; x_wconf 89' lang='grc' dir='ltr'><em>Ζ</em></span> <span class='ocrx_word' id='word_1_253' title='bbox 704 3691 741 3744; x_wconf 85' lang='lat' dir='ltr'>sit</span> <span class='ocrx_word' id='word_1_254' title='bbox 758 3690 806 3754; x_wconf 89' lang='lat' dir='ltr'>ibi,</span> <span class='ocrx_word' id='word_1_255' title='bbox 824 3689 872 3744; x_wconf 85' lang='lat' dir='ltr'>scd</span> <span class='ocrx_word' id='word_1_256' title='bbox 891 3705 960 3744; x_wconf 85' lang='lat' dir='ltr'>corr.</span> <span class='ocrx_word' id='word_1_257' title='bbox 979 3689 1007 3742; x_wconf 84' lang='lat' dir='ltr'><em>Z</em></span> <span class='ocrx_word' id='word_1_258' title='bbox 1078 3688 1112 3741; x_wconf 84' lang='lat'>14</span> <span class='ocrx_word' id='word_1_259' title='bbox 1131 3687 1298 3742; x_wconf 86' lang='lat' dir='ltr'>oblationem</span> 
     </span>
     <span class='ocr_line' id='line_1_31' title="bbox 142 3775 1297 3851; baseline -0.006 -16"><span class='ocrx_word' id='word_1_260' title='bbox 142 3781 217 3836; x_wconf 85' lang='lat' dir='ltr'>ZBs·</span> <span class='ocrx_word' id='word_1_261' title='bbox 294 3797 450 3851; x_wconf 88' lang='lat' dir='ltr'>prosperam</span> <span class='ocrx_word' id='word_1_262' title='bbox 470 3780 573 3834; x_wconf 83' lang='lat' dir='ltr'>faciens</span> <span class='ocrx_word' id='word_1_263' title='bbox 592 3779 731 3834; x_wconf 85' lang='lat' dir='ltr'>obtionem</span> <span class='ocrx_word' id='word_1_264' title='bbox 756 3779 785 3833; x_wconf 88' lang='lat' dir='ltr'><strong><em>Y</em></strong></span> <span class='ocrx_word' id='word_1_265' title='bbox 855 3781 888 3832; x_wconf 82' lang='lat'>15</span> <span class='ocrx_word' id='word_1_266' title='bbox 908 3793 1006 3846; x_wconf 88' lang='lat' dir='ltr'>equum</span> <span class='ocrx_word' id='word_1_267' title='bbox 1024 3776 1114 3846; x_wconf 92' lang='lat' dir='ltr'>ipsum</span> <span class='ocrx_word' id='word_1_268' title='bbox 1132 3775 1186 3830; x_wconf 89' lang='grc' dir='ltr'>ΡΖ</span> <span class='ocrx_word' id='word_1_269' title='bbox 1208 3776 1297 3844; x_wconf 90' lang='lat' dir='ltr'>ipsum</span> 
     </span>
     <span class='ocr_line' id='line_1_32' title="bbox 148 3863 1297 3940; baseline -0.007 -16"><span class='ocrx_word' id='word_1_270' title='bbox 148 3871 178 3924; x_wconf 92' lang='lat' dir='ltr'>Y</span> <span class='ocrx_word' id='word_1_271' title='bbox 192 3871 283 3940; x_wconf 90' lang='lat' dir='ltr'>ipsum</span> <span class='ocrx_word' id='word_1_272' title='bbox 301 3885 434 3938; x_wconf 71' lang='lat' dir='ltr'>supertes.</span> <span class='ocrx_word' id='word_1_273' title='bbox 454 3873 478 3922; x_wconf 82' lang='lat'>1.</span> <span class='ocrx_word' id='word_1_274' title='bbox 498 3885 532 3922; x_wconf 82' lang='lat' dir='ltr'>m.</span> <span class='ocrx_word' id='word_1_275' title='bbox 553 3885 652 3938; x_wconf 84' lang='lat' dir='ltr'>equum</span> <span class='ocrx_word' id='word_1_276' title='bbox 670 3868 713 3922; x_wconf 89' lang='lat' dir='ltr'>Br</span> <span class='ocrx_word' id='word_1_277' title='bbox 731 3868 825 3938; x_wconf 92' lang='lat' dir='ltr'>ippum</span> <span class='ocrx_word' id='word_1_278' title='bbox 842 3866 943 3934; x_wconf 70' lang='lat' dir='ltr'>scripsi</span> <span class='ocrx_word' id='word_1_279' title='bbox 1068 3864 1100 3918; x_wconf 84' lang='lat'>17</span> <span class='ocrx_word' id='word_1_280' title='bbox 1121 3864 1167 3932; x_wconf 92' lang='lat' dir='ltr'>qui</span> <span class='ocrx_word' id='word_1_281' title='bbox 1190 3864 1215 3917; x_wconf 91' lang='lat' dir='ltr'>Y</span> <span class='ocrx_word' id='word_1_282' title='bbox 1237 3863 1297 3931; x_wconf 92' lang='lat' dir='ltr'>qui-</span> 
     </span>
     <span class='ocr_line' id='line_1_33' title="bbox 142 3949 1301 4014; baseline -0.009 0"><span class='ocrx_word' id='word_1_283' title='bbox 142 3959 195 4014; x_wconf 90' lang='lat' dir='ltr'>bus</span> <span class='ocrx_word' id='word_1_284' title='bbox 210 3960 238 4014; x_wconf 93' lang='grc' dir='ltr'><em>Ζ</em></span> <span class='ocrx_word' id='word_1_285' title='bbox 291 3959 468 4014; x_wconf 84' lang='lat' dir='ltr'>sermunculis</span> <span class='ocrx_word' id='word_1_286' title='bbox 489 3974 557 4014; x_wconf 83' lang='lat' dir='ltr'>corr.</span> <span class='ocrx_word' id='word_1_287' title='bbox 574 3961 601 4012; x_wconf 83' lang='lat'>2.</span> <span class='ocrx_word' id='word_1_288' title='bbox 616 3975 649 4012; x_wconf 87' lang='lat' dir='ltr'>m.</span> <span class='ocrx_word' id='word_1_289' title='bbox 670 3973 703 4011; x_wconf 81' lang='lat' dir='ltr'>esc</span> <span class='ocrx_word' id='word_1_290' title='bbox 721 3955 895 4011; x_wconf 86' lang='lat' dir='ltr'>sermuscnlis</span> <span class='ocrx_word' id='word_1_291' title='bbox 909 3955 952 4008; x_wconf 84' lang='lat' dir='ltr'>Br</span> <span class='ocrx_word' id='word_1_292' title='bbox 1004 3954 1157 4008; x_wconf 86' lang='lat' dir='ltr'>terminatis</span> <span class='ocrx_word' id='word_1_293' title='bbox 1177 3953 1252 4006; x_wconf 90' lang='lat' dir='ltr'>ocius</span> <span class='ocrx_word' id='word_1_294' title='bbox 1271 3949 1301 4005; x_wconf 90' lang='lat' dir='ltr'><strong><em>Y</em></strong></span> 
     </span>
     <span class='ocr_line' id='line_1_34' title="bbox 144 4041 1296 4102; baseline -0.009 -1"><span class='ocrx_word' id='word_1_295' title='bbox 144 4047 178 4102; x_wconf 91' lang='lat'>18</span> <span class='ocrx_word' id='word_1_296' title='bbox 198 4045 450 4100; x_wconf 86' lang='lat' dir='ltr'>cumtubernalibus</span> <span class='ocrx_word' id='word_1_297' title='bbox 470 4061 538 4099; x_wconf 81' lang='lat' dir='ltr'>corr,</span> <span class='ocrx_word' id='word_1_298' title='bbox 557 4049 580 4098; x_wconf 91' lang='lat'>1.</span> <span class='ocrx_word' id='word_1_299' title='bbox 600 4062 634 4098; x_wconf 88' lang='lat' dir='ltr'>m.</span> <span class='ocrx_word' id='word_1_300' title='bbox 653 4043 697 4098; x_wconf 84' lang='lat' dir='ltr'>Br</span> <span class='ocrx_word' id='word_1_301' title='bbox 772 4045 805 4097; x_wconf 88' lang='grc'>19</span> <span class='ocrx_word' id='word_1_302' title='bbox 824 4043 904 4096; x_wconf 89' lang='lat' dir='ltr'>homo</span> <span class='ocrx_word' id='word_1_303' title='bbox 929 4041 957 4095; x_wconf 98' lang='lat' dir='ltr'>Y</span> <span class='ocrx_word' id='word_1_304' title='bbox 972 4042 1113 4095; x_wconf 88' lang='lat' dir='ltr'>homuntio</span> <span class='ocrx_word' id='word_1_305' title='bbox 1132 4041 1176 4093; x_wconf 77' lang='lat' dir='ltr'>Br</span> <span class='ocrx_word' id='word_1_306' title='bbox 1252 4055 1296 4092; x_wconf 91' lang='lat' dir='ltr'>co·</span> 
     </span>
     <span class='ocr_line' id='line_1_35' title="bbox 141 4126 1298 4205; baseline -0.009 -15"><span class='ocrx_word' id='word_1_307' title='bbox 141 4139 236 4190; x_wconf 85' lang='lat' dir='ltr'>meatu</span> <span class='ocrx_word' id='word_1_308' title='bbox 251 4135 293 4189; x_wconf 84' lang='lat' dir='ltr'>Br</span> <span class='ocrx_word' id='word_1_309' title='bbox 348 4135 404 4205; x_wconf 87' lang='lat' dir='ltr'>qui]</span> <span class='ocrx_word' id='word_1_310' title='bbox 424 4134 510 4204; x_wconf 88' lang='lat' dir='ltr'>quasi,</span> <span class='ocrx_word' id='word_1_311' title='bbox 528 4133 577 4188; x_wconf 85' lang='lat' dir='ltr'>scd</span> <span class='ocrx_word' id='word_1_312' title='bbox 595 4149 663 4189; x_wconf 85' lang='lat' dir='ltr'>corr.</span> <span class='ocrx_word' id='word_1_313' title='bbox 678 4133 721 4186; x_wconf 86' lang='lat' dir='ltr'>Br·</span> <span class='ocrx_word' id='word_1_314' title='bbox 774 4132 809 4186; x_wconf 89' lang='grc'>20</span> <span class='ocrx_word' id='word_1_315' title='bbox 828 4130 959 4196; x_wconf 84' lang='lat' dir='ltr'>diuersas,</span> <span class='ocrx_word' id='word_1_316' title='bbox 977 4129 1025 4184; x_wconf 84' lang='lat' dir='ltr'>sed</span> <span class='ocrx_word' id='word_1_317' title='bbox 1043 4145 1113 4187; x_wconf 86' lang='lat' dir='ltr'>corr.</span> <span class='ocrx_word' id='word_1_318' title='bbox 1128 4129 1170 4182; x_wconf 87' lang='lat' dir='ltr'>Br</span> <span class='ocrx_word' id='word_1_319' title='bbox 1222 4126 1298 4180; x_wconf 87' lang='lat' dir='ltr'>bella</span> 
     </span>
    </p>
   </div>
   <div class='ocr_carea' id='block_1_6' title="bbox 142 4211 1299 4396">
    <p class='ocr_par' dir='ltr' id='par_1_6' title="bbox 142 4211 1299 4396">
     <span class='ocr_line' id='line_1_36' title="bbox 142 4211 1299 4322; baseline -0.008 -17"><span class='ocrx_word' id='word_1_320' title='bbox 142 4251 298 4322; x_wconf 87' lang='lat' dir='ltr'>periculosa</span> <span class='ocrx_word' id='word_1_321' title='bbox 321 4251 351 4305; x_wconf 93' lang='lat' dir='ltr'><strong><em>Y</em></strong></span> <span class='ocrx_word' id='word_1_322' title='bbox 365 4251 431 4304; x_wconf 87' lang='lat' dir='ltr'>belli</span> <span class='ocrx_word' id='word_1_323' title='bbox 450 4249 570 4320; x_wconf 85' lang='lat' dir='ltr'>pericula</span> <span class='ocrx_word' id='word_1_324' title='bbox 591 4251 632 4304; x_wconf 89' lang='lat' dir='ltr'>Br</span> <span class='ocrx_word' id='word_1_325' title='bbox 740 4248 786 4302; x_wconf 90' lang='lat' dir='ltr'>uel</span> <span class='ocrx_word' id='word_1_326' title='bbox 805 4263 874 4316; x_wconf 84' lang='lat' dir='ltr'>quae</span> <span class='ocrx_word' id='word_1_327' title='bbox 897 4247 926 4299; x_wconf 90' lang='lat' dir='ltr'><strong><em>Y</em></strong></span> <span class='ocrx_word' id='word_1_328' title='bbox 944 4211 1049 4316; x_wconf 72' lang='lat' dir='ltr'>interq:¹</span> <span class='ocrx_word' id='word_1_329' title='bbox 1062 4260 1132 4300; x_wconf 85' lang='lat' dir='ltr'>corr.</span> <span class='ocrx_word' id='word_1_330' title='bbox 1152 4247 1179 4301; x_wconf 82' lang='grc'>2.</span> <span class='ocrx_word' id='word_1_331' title='bbox 1199 4259 1234 4298; x_wconf 79' lang='lat' dir='ltr'>sa.</span> <span class='ocrx_word' id='word_1_332' title='bbox 1253 4241 1299 4296; x_wconf 87' lang='lat' dir='ltr'>Br</span> 
     </span>
     <span class='ocr_line' id='line_1_37' title="bbox 142 4339 389 4396; baseline -0.012 0"><span class='ocrx_word' id='word_1_333' title='bbox 142 4343 176 4396; x_wconf 87' lang='grc'>21</span> <span class='ocrx_word' id='word_1_334' title='bbox 196 4341 338 4395; x_wconf 90' lang='lat' dir='ltr'>homiuum</span> <span class='ocrx_word' id='word_1_335' title='bbox 361 4339 389 4394; x_wconf 88' lang='lat' dir='ltr'><strong><em>Y</em></strong></span> 
     </span>
    </p>
   </div>
   <div class='ocr_carea' id='block_1_7' title="bbox 1209 4429 1259 4491">
    <p class='ocr_par' dir='ltr' id='par_1_7' title="bbox 1209 4429 1259 4491">
     <span class='ocr_line' id='line_1_38' title="bbox 1209 4429 1259 4491; baseline 0.04 -2"><span class='ocrx_word' id='word_1_336' title='bbox 1209 4429 1259 4491; x_wconf 69' lang='lat'>19*</span> 
     </span>
    </p>
   </div>
   <div class='ocr_carea' id='block_1_8' title="bbox 0 0 1568 4942">
    <p class='ocr_par' dir='ltr' id='par_1_8' title="bbox 0 0 1568 4942">
     <span class='ocr_line' id='line_1_39' title="bbox 0 0 1568 4942; baseline 0 0"><span class='ocrx_word' id='word_1_337' title='bbox 0 0 1568 4942; x_wconf 95' lang='lat' dir='ltr'> </span> 
     </span>
    </p>
   </div>
  </div>
 </body>
</html>
