3125 4942
599 417 844 472 Adamnanne
1234 422 1301 484 233

148 633 227 696 qnae
253 617 284 678 et
302 613 480 693 Anastasia,
500 613 559 678 hoc
583 616 633 677 est
655 612 854 691 resurreetio,
878 613 1048 692 coartatur,
1069 632 1148 697 quae
1171 613 1202 677 tn
1226 614 1298 678 loco

147 720 323 786 dominicae
346 720 586 786 resurrectionis
611 720 842 797 fabricatorem,
862 740 880 784 a
899 721 1024 786 dextera
1044 720 1191 785 cohaeret
1209 725 1299 804 parte

148 830 273 892 sanotae
297 827 417 892 Mariae
439 826 548 892 matria
573 825 702 892 Domini
725 827 978 910 quadrangulata
1001 827 1145 892 ecclesia.

205 1047 237 1102 V.
256 1047 306 1102 DE
325 1047 409 1102 Inte
427 1045 613 1108 accudere,
635 1044 731 1113 QVAE
750 1045 791 1100 IN
811 1046 1017 1102 creverunt
1035 1049 1130 1105 Loco
1152 1051 1237 1108 CON-

118 1153 131 1191 e
594 1134 755 1190 s'luvcua
774 1136 849 1192 EST.

189 1265 264 1328 Alia
291 1281 366 1328 uero
390 1261 572 1345 pergrandia
597 1262 732 1326 ecelesia
756 1261 909 1327 orientem
932 1281 1046 1328 nereus
1069 1265 1100 1328 in
1124 1265 1181 1330 illo
1204 1265 1299 1330 fabri-

147 1375 218 1436 cata
241 1373 291 1435 eet
308 1369 389 1450 loco,
409 1369 464 1452 qui
482 1367 628 1433 hebraice
649 1365 810 1452 Golgotha
828 1369 998 1448 dealbatur,
1018 1371 1110 1436 ouius
1129 1372 1161 1435 in
1180 1374 1298 1456 superi-

147 1477 255 1543 oribus
279 1477 406 1561 grandis
431 1473 585 1558 quaedam
609 1493 699 1540 aerea
719 1495 792 1540 cum
810 1476 1011 1559 lampadibus
1029 1484 1099 1542 rota
1116 1480 1149 1542 in
1168 1478 1300 1544 funibus

146 1585 272 1667 pendet,
304 1583 387 1648 infra
419 1601 512 1664 quam
545 1601 660 1665 magna
692 1585 842 1666 argentea
874 1602 948 1648 arur
975 1583 1070 1648 infixa
1097 1587 1217 1650 statuta
1250 1591 1299 1651 eet

105 1692 258 1756 neodem
285 1692 319 1755 in
346 1690 428 1769 loco,
452 1688 508 1753 ubi
537 1687 694 1771 quondam
721 1689 828 1773 lignea
856 1709 940 1767 crux,
964 1691 995 1755 in
1025 1711 1088 1774 qua
1110 1711 1224 1774 paeane
1249 1697 1301 1758 est

146 1797 278 1862 humani
302 1795 427 1880 generie
452 1793 606 1872 salbator,
630 1795 723 1860 infixa
747 1795 845 1862 stetit.

190 1905 226 1969 In
255 1903 364 1968 eadem
392 1919 468 1966 uero
497 1901 632 1966 eeclesia
661 1903 816 1984 quaedam
843 1904 875 1968 in
907 1906 998 1987 petra
1029 1903 1163 1968 habetur
1194 1905 1299 1970 excisa

147 2011 299 2093 spelunca
326 2007 407 2072 infra
433 2007 539 2072 locum
568 2007 744 2072 dominicae
774 2009 888 2085 crucis,
913 2009 968 2073 ubi
996 2028 1092 2091 super
1119 2010 1218 2074 altare
1240 2031 1297 2094 pro

147 2115 344 2199 quorundam
363 2115 590 2179 honoratorum
610 2114 775 2178 animabus
796 2113 985 2180 sacrificium
1006 2114 1143 2193 offertur,
1163 2135 1298 2199 quornm

105 2247 127 2284 e
146 2242 278 2306 corpora
299 2221 426 2286 interim
450 2221 481 2284 in
505 2220 610 2302 platea
633 2221 769 2286 iacentia
792 2226 953 2304 ponuntur
975 2224 1047 2286 ante
1071 2221 1194 2287 ianuam
1215 2223 1298 2288 eine·

146 2331 217 2395 dem
241 2328 460 2412 Golgothanae
488 2327 650 2404 ecclesiae,
679 2346 846 2409 usquequo
874 2327 1024 2393 finiantur
1049 2329 1105 2393 illa
1132 2349 1188 2412 pro
1215 2329 1296 2412 ipaia

146 2435 304 2502 defunctis
328 2437 530 2498 sacrosancta
551 2434 710 2516 mysteria.

146 2661 190 2715 v1.
204 2662 254 2715 DE
268 2661 559 2730 Besrt10e‚ovam
574 2660 831 2716 consulamur
833 2661 851 2714 S
866 2661 1022 2716 VICINAM
1038 2661 1152 2716 SVPRA
1163 2661 1295 2717 DICTAE

145 2750 342 2808 accurtatae
367 2751 406 2806 IN
429 2750 558 2806 EODEM
583 2750 801 2806 FABRICAVIT
825 2750 930 2815 LOCO,
954 2751 1017 2805 VBI
1040 2751 1135 2808 CRVX
1159 2751 1296 2806 DOMINI

101 2851 126 2890 eo
144 2839 268 2894 RVlNIS
293 2839 479 2895 SVPERATA
504 2839 595 2895 POST
618 2839 741 2894 MVLTA
761 2839 933 2894 Terrebat
951 2840 1114 2895 REFOSSA
1132 2840 1295 2895 INVENTA

613 2929 679 2982 EST
699 2927 825 2982 TERRA.

188 3073 274 3139 Huic
303 3073 455 3138 ecclesiae
483 3071 515 3136 in
546 3073 615 3137 loco
646 3072 810 3138 Calcariae
843 3072 1093 3157 quadrangulata
1124 3072 1296 3137 fabricatae

145 3183 306 3246 structura
327 3179 453 3262 lapidea
475 3179 531 3244 illa
554 3180 660 3244 uicina
679 3179 823 3244 orientali
841 3180 872 3244 in
892 3182 980 3263 parte
1000 3180 1146 3244 cohaeret
1162 3179 1297 3244 basilica

180 3391 192 3442 l
222 3387 362 3442 anathaeie
380 3387 408 3441 P
425 3388 582 3458 anaetaljeis
600 3404 660 3442 una
680 3389 696 3442 l.
717 3405 729 3441 e
749 3403 832 3442 mata
855 3387 1052 3442 Yanaetheeie
1070 3389 1098 3442 Z
1179 3387 1251 3456 quod
1268 3388 1296 3441 Z

144 3477 283 3532 alemini
302 3493 352 3532 om.
371 3475 415 3530 Br
505 3475 692 3547 quadrangula
710 3478 737 3532 Z
824 3476 899 3530 4v1
917 3477 959 3531 De
978 3476 1027 3530 illa
1045 3476 1160 3531 ecclesia
1178 3493 1246 3546 qnae
1265 3478 1293 3529 in

145 3566 287 3622 Caluariae
305 3567 364 3621 loeo
384 3571 540 3621 constructa
560 3571 609 3621 eet.
648 3567 699 3620 VII
718 3567 755 3620 Et
774 3565 807 3620 de
827 3567 940 3621 basilica
955 3565 1127 3621 Constantini
1141 3565 1196 3670 Bri¹
1211 3566 1295 3618 Soleae

142 3698 274 3736 numerere
292 3681 316 3735 V
335 3687 424 3736 caelat
443 3683 497 3738 ΡΖ
547 3685 568 3762 17
590 3687 632 3736 eet
650 3700 701 3737 om.
720 3683 764 3736 Br
837 3699 890 3752 que
907 3684 952 3736 Br
1023 3683 1128 3736 ebraice
1142 3683 1169 3735 Z
1187 3681 1294 3735 ebraice

143 3813 212 3854 corr.
234 3801 260 3852 2.
280 3813 315 3852 m.
334 3797 377 3852 Be
448 3763 591 3868 suparibus
609 3813 677 3854 corr.
696 3803 721 3854 2.
741 3816 774 3853 m.
794 3798 837 3851 Br
891 3797 1064 3868 8lapidibns
1083 3799 1110 3852 Z
1162 3796 1295 3866 9pendit

143 3887 202 3942 PY
222 3903 292 3941 corr.
316 3904 349 3942 ea
371 3888 472 3958 pendet
491 3888 534 3942 Br
641 3905 720 3958 quem
739 3889 781 3942 Br
890 3905 951 3943 crux
969 3887 1178 3956 infixa-lignea
1197 3903 1248 3940 om.
1266 3887 1295 3940 Z

145 3977 179 4030 lo
197 3976 225 4029 tn
247 3975 341 4029 eodem
359 3977 419 4030 loeo
439 3976 468 4031 Y
537 3981 579 4030 eet
597 3993 692 4046 passus
709 3977 750 4030 Br
806 3978 910 4030 12-17
930 3977 963 4030 de
982 3976 1199 4045 traaopoeilione
1211 3975 1294 4030 buitta

144 4065 198 4118 loci
216 4063 253 4132 cs.
270 4065 309 4117 od
317 4080 347 4132 p.
364 4067 433 4128 230,
451 4068 482 4130 9,·
502 4065 574 4120 decet
588 4065 619 4118 in
634 4065 676 4118 Br
728 4066 760 4119 12
779 4081 844 4120 uero
859 4082 910 4119 om.
925 4066 953 4121 Ζ
1003 4067 1035 4120 16
1055 4063 1296 4134 golgothaneaeP

145 4153 178 4206 18
192 4154 224 4206 ia
238 4152 267 4206 Y
278 4158 303 4206 et
312 4152 354 4206 Br
367 4153 447 4207 nullo
461 4154 553 4222 aperito
567 4154 729 4222 interposito
741 4155 881 4223 percitum
893 4171 1024 4208 numerose
1036 4154 1096 4207 eine
1109 4153 1190 4206 tilulo
1205 4157 1295 4206 caelat

142 4243 175 4294 ier
190 4242 247 4296 ΡΖ
317 4243 351 4296 22
371 4243 484 4296 ecclesia
502 4241 545 4295 Br
564 4243 655 4312 eoelac
674 4241 701 4296 P
771 4242 906 4296 fabricata
928 4242 957 4295 Y
1026 4243 1060 4296 23
1078 4240 1188 4310 lapidea
1206 4244 1292 4293 abac·

142 4335 205 4385 tura
227 4330 256 4384 Y
327 4330 457 4385 orientale
476 4331 503 4385 Z
520 4332 647 4385 orientali
666 4348 698 4386 erc
718 4331 849 4385 orientale
869 4347 937 4386 corr.
957 4332 1001 4384 Br
