3125 4942
598 410 844 465 Adamnanus
1228 418 1293 481 249

145 607 331 690 diligentius
369 607 577 690 interroganti
616 607 728 672 retulit
760 607 882 672 dicens:
915 608 952 671 In
985 608 1202 674 anniuersario
1233 609 1295 674 diei

145 713 321 778 dominicae
336 713 531 780 ascensionis
551 714 765 778 sollemnitate
783 733 839 797 per
858 733 968 780 omnes
988 733 1085 780 annos
1103 715 1296 781 ualidissimi

144 819 280 884 flaminis
294 820 434 903 procella
447 819 629 885 meridianis
645 820 731 884 horis
750 823 825 903 post
837 824 965 903 peracta
982 820 1014 885 in
1035 821 1146 886 eadem
1164 821 1298 887 basilica

144 928 344 991 sacrosancta
366 927 536 992 missarum
556 927 724 992 sollemnia
741 927 816 992 lorti
835 929 958 1012 impetu
977 928 1102 993 inruere
1119 929 1153 993 in
1171 931 1296 994 tantum

115 1033 238 1112 ssolet
252 1037 291 1098 ut
308 1033 416 1099 nullus
435 1035 600 1099 hominum
619 1037 703 1100 stare
722 1035 774 1100 uel
795 1035 890 1100 etiam
910 1034 1019 1100 sedere
1038 1036 1069 1100 in
1089 1035 1145 1101 illa
1164 1037 1297 1102 ecclesia

145 1143 177 1204 et
200 1139 317 1205 uicinis
342 1141 371 1204 ei
394 1141 473 1205 locis
498 1159 626 1223 quoquo
649 1141 753 1225 possit
776 1141 883 1220 modo,
907 1142 962 1207 sed
987 1161 1096 1208 omnes
1119 1142 1243 1209 tamdiu
1265 1144 1298 1208 in

143 1251 228 1311 terra
250 1247 417 1330 prostratis
441 1248 587 1313 uultibus
611 1247 799 1332 superstrati
822 1248 937 1326 iacent,
957 1249 1055 1314 donec
1074 1249 1132 1314 illa
1148 1249 1297 1315 terribilis

144 1354 287 1437 procella
308 1357 515 1437 pertranseat.
552 1354 657 1419 Huius
682 1353 812 1419 terrifici
834 1355 929 1420 flatus
953 1374 1051 1420 causa
1073 1356 1160 1431 lacit,
1183 1359 1222 1420 ut
1243 1355 1300 1419 illa

144 1478 219 1544 pars
248 1460 361 1525 domus
389 1460 505 1526 habere
533 1479 687 1526 cameram
717 1481 780 1526 non
808 1463 923 1545 possit,
952 1481 1033 1546 quae
1066 1481 1161 1545 supra
1192 1464 1298 1528 locum

106 1590 130 1630 ro
145 1566 362 1650 inpressorum
386 1567 515 1632 Domini
542 1567 765 1650 remigiorum,
791 1568 844 1651 qui
878 1569 961 1632 intra
988 1569 1188 1652 supradictae
1212 1572 1299 1635 rotae

146 1673 289 1738 medium
312 1673 453 1738 foramen
477 1677 602 1757 apertae
627 1678 832 1752 monstratur,
853 1675 893 1739 ad
916 1675 1039 1739 caelum
1064 1694 1190 1758 semper
1213 1685 1300 1757 pate-

146 1780 233 1844 facta
251 1785 414 1864 appaream
434 1801 506 1846 nam
525 1799 730 1864 quaeeunque
749 1781 898 1846 materias
923 1781 1060 1863 desuper
1083 1781 1122 1846 ad
1145 1801 1301 1846 cameram

148 1887 396 1970 conponendam,
421 1889 448 1953 si
476 1889 600 1971 quando
629 1890 786 1954 humanae
812 1907 925 1954 manus
949 1908 999 1953 ars
1023 1888 1186 1954 aedificare
1210 1905 1301 1953 oona·

147 1993 252 2072 batur,
286 2014 382 2078 supra
409 1995 576 2060 memorati
609 1995 764 2060 diuinitus
798 1995 916 2060 emissa
947 1995 1036 2060 nenti
1073 1994 1223 2061 ualiditas
1257 1992 1301 2058 di-

108 2125 131 2165 re
149 2101 304 2166 struebat.
333 2100 381 2166 De
404 2102 462 2166 hao
486 2101 594 2184 itaque
617 2101 812 2166 formidabili
834 2101 975 2183 procella
998 2104 1126 2166 sanctus
1149 2099 1300 2166 dioniius

149 2207 258 2272 taIIter
280 2207 371 2272 nobis
395 2207 562 2288 enarrabit,
587 2208 642 2290 qui
666 2207 775 2272 eadem
799 2207 887 2284 hora,
911 2226 974 2289 qua
996 2206 1027 2270 in
1052 2206 1102 2271 die
1126 2205 1302 2271 dominicae

149 2314 345 2379 ascensionis
373 2314 428 2379 ille
456 2313 676 2379 ualidissimas
700 2313 799 2378 inruit
820 2313 928 2392 flatus,
952 2317 986 2378 et
1006 2313 1075 2396 ipse
1098 2332 1246 2397 praesens
1269 2312 1302 2376 in

150 2420 260 2484 eadem
281 2420 416 2485 ecclesia
436 2417 555 2485 Oliueti
573 2419 718 2484 interisti
742 2420 871 2485 montis.
897 2419 997 2485 Cuius
1021 2418 1174 2484 uidelicet
1196 2421 1303 2483 rotun-

150 2527 207 2591 dae
227 2526 380 2592 eoclesiae
399 2527 503 2611 figura
521 2526 580 2591 uili
595 2526 742 2609 quamuis
760 2526 886 2609 pictura
905 2527 951 2592 sic
971 2525 1098 2609 depicta
1116 2525 1302 2602 declaratur,

107 2661 133 2700 ao
151 2651 259 2698 aereae
283 2651 340 2698 neo
363 2651 423 2697 non
448 2633 479 2698 in
504 2632 572 2698 eius
596 2633 767 2699 medietate
791 2632 965 2698 collocatae
983 2637 1071 2698 rotae
1089 2632 1226 2698 formula
1244 2632 1303 2697 hao

150 2739 414 2822 discriptiuncula
436 2743 630 2806 monstratur
652 2739 807 2805 subiecta.

196 2845 259 2912 Sed
288 2849 320 2911 et
346 2847 406 2911 hoo
436 2847 531 2912 etiam
555 2846 658 2912 saneti
681 2845 800 2910 Aroulli
828 2847 980 2911 relatione
1013 2845 1194 2924 didicimus,
1217 2843 1304 2927 quod

151 2953 181 3017 in
210 2953 321 3018 eadem
348 2953 483 3018 rotunda
511 2953 645 3018 ecelesia
672 2953 710 3017 ad
740 2955 929 3017 consuetam
957 2956 1029 3018 ooto
1058 2972 1153 3036 supra
1185 2970 1302 3016 memo-

150 3063 289 3124 ratarum
316 3063 413 3126 noctu
441 3061 631 3124 intrinsecus
659 3060 889 3144 refulgentium
916 3060 1114 3125 lucernarum
1137 3077 1234 3142 prope
1257 3058 1302 3122 in·

109 3190 134 3230 m
150 3167 363 3232 numerabiles
387 3167 419 3232 in
443 3170 535 3232 noote
557 3166 675 3232 festiue
699 3166 876 3232 dominicae
899 3166 1093 3232 ascensionis
1118 3166 1197 3230 aliao
1220 3165 1304 3229 adici

151 3274 275 3338 soleant
295 3272 470 3357 lampades,
495 3293 628 3357 quarum
651 3272 787 3339 terribili
810 3277 843 3338 et
866 3272 1057 3338 ammirabili
1084 3273 1303 3337 comsoatione

187 3525 199 3579 1
222 3524 371 3592 diligenter
393 3523 422 3578 Y
504 3524 707 3594 interrogantis.
726 3522 774 3578 sed
792 3539 862 3578 corr.
882 3523 910 3578 Z
988 3523 1102 3586 retollit,
1121 3523 1170 3576 aed
1188 3539 1257 3577 corr.
1276 3523 1303 3576 Z

150 3613 329 3668 anniuersarii
346 3613 375 3667 P
391 3613 576 3667 anniuersario
595 3613 624 3666 Y
657 3614 673 3666 2
688 3613 862 3666 solemnitate
882 3613 911 3666 Υ
966 3628 1014 3682 per
1026 3621 1104 3667 omne
1119 3616 1200 3676 (corr.
1214 3615 1242 3665 2.
1256 3613 1302 3679 m.)

151 3719 250 3757 annum
270 3702 313 3755 Br
366 3701 585 3756 pallidissimiZ
638 3701 794 3756 3fluminis
818 3702 846 3756 Υ
904 3700 1015 3756 eandem
1035 3701 1062 3753 Z
1115 3703 1212 3768 apost
1230 3703 1302 3753 stare

149 3807 253 3846 rasura
272 3791 358 3844 unius
377 3791 485 3845 litterae
502 3791 590 3846 inBr
626 3793 765 3860 dquoque
787 3795 813 3857 (e
826 3791 859 3844 in
871 3795 986 3856 rasura)
1002 3791 1045 3843 Br
1080 3792 1246 3843 boemerum
1260 3788 1304 3842 Br

152 3881 185 3935 10
203 3879 287 3949 intra]
306 3879 333 3932 in
352 3881 424 3932 terra
443 3880 486 3932 Br
555 3881 585 3933 11
606 3895 655 3949 per
673 3877 791 3932 medium
811 3883 904 3949 aperte
923 3878 1044 3933 foramen
1063 3878 1106 3932 Br
1160 3877 1194 3931 12
1213 3893 1302 3931 cama·

151 3985 206 4022 ram
225 3969 270 4024 Br
335 3968 367 4022 13
387 3967 608 4037 componendam,
627 3967 676 4022 aed
693 3981 762 4023 corr.
781 3967 810 4020 P
872 3968 906 4021 14
925 3967 1011 4020 emisa
1027 3965 1056 4019 P
1145 3963 1303 4018 destruebat

151 4058 193 4111 Br-
286 4056 320 4110 16
339 4056 588 4125 qui-ascensionis
607 4071 658 4109 om.
679 4056 721 4110 Br
820 4057 855 4110 20
879 4071 940 4109 aere
963 4071 1013 4108 neo
1036 4071 1090 4107 non
1113 4053 1142 4107 in
1165 4053 1242 4123 equis
1261 4051 1304 4105 Br

152 4146 266 4201 formula
284 4149 344 4199 rote
363 4145 405 4198 Br
468 4146 503 4199 22
521 4144 654 4201 relatione
674 4144 767 4198 arculfi
786 4142 814 4197 P
879 4145 913 4198 23
932 4143 999 4198 VIII
1016 4141 1203 4213 lampadarum
1222 4158 1303 4212 snpra

153 4237 359 4288 memoratarum
383 4233 411 4287 Υ
445 4235 478 4288 25
498 4233 606 4304 festina]
627 4233 750 4302 uestigIa
768 4232 796 4285 Z
831 4233 865 4287 26
885 4233 975 4286 solent
998 4232 1027 4286 Υ
1079 4230 1234 4284 admirabili
1252 4231 1306 4284 ΡΖ

153 4323 360 4378 choruscatione
379 4321 421 4376 Br
