3125 4942
587 428 812 483 Antoninus
1210 432 1273 497 189

130 627 284 704 ciuitates,
308 644 386 709 quas
415 626 527 691 dieunt
552 623 635 689 filias
658 624 742 690 Loth
768 624 988 703 fabricassent,
1013 645 1049 691 ex
1072 625 1189 708 quibus
1212 644 1274 691 una

128 733 242 799 dieitur
262 733 447 817 Babylonia.
478 731 650 797 Venientes
679 751 734 815 per
763 750 891 815 eampos
916 732 1038 797 Taneos
1066 733 1214 798 uenimus
1241 733 1273 796 in

126 839 265 922 Memphi
294 840 425 906 ciuitate
454 841 487 903 et
508 838 660 918 Antinoo,
683 838 715 902 in
744 856 807 920 qua
829 837 994 903 resedebat
1016 838 1127 915 Ferae,
1153 858 1189 905 ex
1212 860 1274 922 qua

126 951 158 1010 et
183 947 242 1011 filii
263 947 385 1012 Israhel
414 945 564 1012 exierunt.
601 945 637 1009 In
665 944 745 1027 ipsis
768 944 849 1011 loeis
874 949 950 1010 sunt
971 944 1139 1011 duodecim
1164 946 1274 1011 horrea

99 1054 240 1138 sIosepb
263 1053 366 1138 plena.

167 1162 202 1225 In
229 1160 374 1243 Memphi
402 1159 464 1223 fuit
495 1161 662 1243 templum,
691 1158 776 1243 qnod
809 1163 859 1225 est
886 1158 979 1225 modo
1009 1159 1153 1235 ecelesia,
1181 1160 1326 1230 cuiusld

126 1286 186 1332 una
201 1268 289 1353 regia
307 1286 341 1332 se
361 1267 478 1331 elausit
496 1269 567 1333 ante
581 1266 754 1331 Dominum
773 1269 930 1343 nostrum,
949 1266 1072 1350 quando
1089 1286 1162 1332 oum
1181 1266 1274 1333 beata

125 1374 225 1439 Maria
256 1374 322 1440 illie
355 1374 427 1452 fuit,
457 1376 490 1439 et
521 1393 624 1458 usque
652 1373 807 1439 haetenus
836 1392 897 1439 non
924 1378 1032 1457 potest
1059 1373 1183 1459 aperiri.
1224 1374 1274 1439 Ibi

126 1482 205 1547 enim
232 1482 375 1547 uidimus
401 1481 534 1565 pallium
561 1481 692 1558 lineum,
720 1480 752 1545 in
781 1498 843 1563 qno
869 1484 918 1545 est
942 1480 1063 1565 effigies
1088 1480 1274 1559 Saluatoris,

86 1610 109 1647 o
126 1607 217 1671 quem
250 1588 361 1653 dieunt
392 1590 532 1671 tempore
563 1588 620 1653 illo
652 1588 800 1653 tersisset
830 1587 945 1653 faeiem
978 1606 1068 1653 suam
1101 1588 1134 1652 in
1167 1606 1204 1653 eo
1242 1590 1275 1653 et

124 1696 327 1760 remansisset
340 1696 447 1779 imago
462 1694 565 1777 ipsius
582 1693 639 1771 ibi,
655 1713 736 1776 quae
753 1694 888 1779 singulis
902 1694 1100 1777 temporibus
1115 1694 1273 1760 adoratur.

126 1802 224 1882 Quem
248 1801 451 1867 edomuimus
475 1802 508 1865 et
529 1818 597 1879 nos,
622 1800 678 1865 sed
705 1804 835 1883 propter
862 1799 1062 1883 splendorem
1089 1820 1151 1865 non
1182 1804 1274 1885 potu·

125 1928 247 1975 eramus
280 1907 452 1990 intendere,
482 1907 746 1991 quiaquantum
769 1906 965 1987 intendebas,
989 1907 1208 1972 immutabatur
1239 1908 1271 1973 in

125 2017 225 2082 oeulis
248 2016 327 2081 tuis.

84 2143 108 2184 n
165 2122 401 2189 Descendentes
423 2139 480 2204 per
496 2121 678 2205 Aegyptum
696 2120 845 2185 uenimus
868 2120 900 2185 in
921 2120 1084 2187 ciuitatem
1103 2121 1220 2186 Athlefi
1240 2124 1272 2187 et
1283 2128 1324 2191 45

122 2227 413 2313 perambulauimus
448 2245 551 2308 usque
587 2226 628 2290 ad
659 2231 804 2291 sanetum
836 2227 1028 2306 Mennatem,
1061 2226 1116 2310 qui
1152 2227 1270 2293 multas

123 2336 260 2401 uirtutes
273 2335 319 2400 ibi
333 2337 490 2418 operatur.
513 2331 590 2399 lude
608 2332 813 2400 ascendentes
832 2336 863 2399 in
883 2332 1031 2399 nauicula
1048 2354 1103 2417 per
1122 2337 1270 2419 stagnum

122 2443 268 2507 uenimus
290 2441 521 2507 Alexandriam.
566 2440 602 2504 In
634 2440 705 2523 ipso
729 2444 842 2526 stagno
866 2441 1007 2507 uidimus
1031 2440 1271 2506 multitudinem

123 2548 391 2614 corcodrillomm.
432 2547 620 2612 Alexandria
651 2547 766 2613 ciuitas
799 2547 974 2630 splendida,
1007 2549 1145 2631 populus
1174 2548 1271 2613 leuis·

83 2677 106 2719 n
122 2656 235 2735 simus,
259 2654 315 2721 sed
338 2657 495 2719 amatores
519 2654 769 2740 peregrinorum
794 2656 939 2721 haereses
963 2654 1095 2719 multae.
1117 2654 1167 2721 lbi
1190 2654 1271 2719 enim

122 2762 294 2845 requiescit
320 2764 449 2826 sanetus
472 2761 677 2839 Athanasius,
706 2764 836 2827 sanetus
862 2760 1014 2839 Faustus,
1043 2765 1172 2827 sanetus
1199 2761 1272 2844 Epi-

121 2869 278 2945 maohius,
306 2870 437 2932 sanetus
464 2866 654 2947 Antoninus,
684 2872 814 2933 sanetus
841 2867 969 2933 Marcus
996 2869 1050 2932 uel
1078 2867 1141 2932 alia
1172 2868 1274 2933 multa

122 2994 253 3058 corpora
276 2978 469 3040 sanctorum.

160 3210 312 3265 lliliarurn
328 3209 392 3265 loht
408 3210 436 3265 Β
489 3210 723 3265 fabricassent-3
736 3210 856 3280 memphi
874 3226 925 3265 om.
940 3209 968 3265 Β
1022 3226 1104 3264 unum
1125 3210 1151 3264 G
1187 3207 1272 3264 bbu-

121 3298 272 3354 billonaG
326 3315 436 3369 campus
456 3298 483 3354 G
535 3302 633 3353 taneos
652 3298 746 3353 littero
763 3298 782 3352 h
802 3302 830 3352 2.
847 3316 882 3357 m.
900 3298 1130 3368 superscriptuG
1167 3300 1273 3353 3uem·

122 3390 184 3459 phin
202 3388 364 3443 oinitsteG
418 3388 530 3442 murno
547 3386 574 3443 G
592 3386 686 3441 antino
699 3386 728 3441 Β
783 3402 814 3441 ex
829 3386 975 3457 quibusG
1023 3386 1161 3441 distahel
1180 3402 1231 3441 om.
1245 3387 1273 3441 Β

122 3478 171 3533 XV
192 3479 219 3533 G
313 3494 390 3532 orrea
407 3477 435 3533 Β
525 3477 672 3547 tnemphi
694 3476 721 3532 G
738 3476 844 3546 nimphi
862 3476 890 3531 Β
908 3475 1019 3546 nymphi
1038 3475 1080 3529 Br
1175 3491 1226 3545 que
1248 3476 1274 3529 G

122 3568 236 3622 basibus
253 3568 282 3623 Β
346 3568 461 3622 lunam
480 3567 584 3636 regiam
601 3565 760 3620 reclusitG
828 3566 975 3620 Santonus
997 3564 1052 3620 GR
1123 3562 1274 3633 aperireG

122 3657 279 3728 bpallenm
299 3656 327 3711 G
398 3655 502 3710 oidoius
524 3654 551 3708 G
623 3654 657 3709 10
675 3654 786 3707 tersisse
804 3653 833 3709 Β
902 3654 932 3707 ll
953 3654 1115 3707 remansisse
1133 3652 1274 3721 imiginern

124 3775 185 3840 (sie)
205 3772 234 3827 Β
360 3786 439 3842 quem
460 3770 486 3826 G
505 3772 552 3842 qui
569 3770 598 3825 Β
723 3736 820 3840 εἰὲιιὶίι
839 3784 908 3826 eoru.
927 3774 949 3825 1.
968 3786 1003 3823 m.
1023 3768 1051 3824 Β
1142 3770 1175 3823 12
1194 3784 1274 3838 quern

123 3880 175 3919 om.
196 3862 224 3917 G
331 3863 361 3915 et
383 3878 431 3915 nos
454 3876 506 3915 om.
525 3858 554 3915 Β
661 3857 709 3912 sed
729 3874 779 3912 nos
799 3858 972 3912 adorabimus
992 3858 1035 3911 Be·
1145 3861 1273 3928 putueru-

123 3968 182 4004 mus
204 3948 259 4005 GR
342 3948 375 4003 15
394 3946 621 4002 descendentibus
639 3944 668 4001 Β
750 3945 864 3999 ciuitate
885 3944 911 3997 G
984 3944 1077 3999 athled
1097 3944 1220 3999 uenimus
1239 3945 1274 3998 ad

124 4043 248 4094 sanetum
266 4041 421 4092 mennatem
440 4035 469 4090 R
523 4038 557 4093 lo
576 4038 703 4091 mannate
724 4034 751 4089 G
806 4034 840 4089 18
859 4032 1060 4088 alexandriaG
1138 4033 1166 4086 in
1185 4032 1273 4103 ipsum

123 4159 254 4225 stagnum
274 4154 301 4209 G
417 4110 591 4207 multillinem
611 4168 681 4209 sorr.
700 4155 723 4205 1.
741 4168 777 4206 m.
800 4150 825 4205 G
914 4149 946 4203 19
966 4148 1228 4219 eorquhodrillorum
1248 4147 1273 4203 G

123 4243 223 4298 ciuitas
242 4246 285 4297 est
305 4240 331 4296 G
421 4241 550 4313 populum
569 4240 738 4295 leuissimum
759 4238 814 4293 GR
886 4237 921 4293 20
940 4237 1042 4292 heresis
1064 4238 1090 4296 G
1162 4237 1194 4291 21
1216 4236 1274 4307 epi·

123 4332 225 4386 midine
246 4329 272 4386 G
291 4329 448 4402 epimaolius
466 4328 494 4385 Β
549 4330 584 4383 22
602 4345 709 4383 marens
727 4327 756 4383 Β
