<?xml version="1.0" encoding="UTF-8"?>
<!DOCTYPE html PUBLIC "-//W3C//DTD XHTML 1.0 Transitional//EN"
    "http://www.w3.org/TR/xhtml1/DTD/xhtml1-transitional.dtd">
<html xmlns="http://www.w3.org/1999/xhtml" xml:lang="en" lang="en">
 <head>
  <title>
</title>
<meta http-equiv="Content-Type" content="text/html;charset=utf-8" />
  <meta name='ocr-system' content='tesseract 3.04.00' />
  <meta name='ocr-capabilities' content='ocr_page ocr_carea ocr_par ocr_line ocrx_word'/>
</head>
<body>
  <div class='ocr_page' id='page_1' title='image "./corpusscriptoru17wissgoog_0374.png"; bbox 0 0 3125 4942; ppageno 0'>
   <div class='ocr_carea' id='block_1_1' title="bbox 314 439 1171 511">
    <p class='ocr_par' dir='ltr' id='par_1_1' title="bbox 314 439 1171 511">
     <span class='ocr_line' id='line_1_1' title="bbox 314 439 1171 511; baseline -0.007 -12"><span class='ocrx_word' id='word_1_1' title='bbox 314 445 377 508; x_wconf 84' lang='lat'><strong>308</strong></span> <span class='ocrx_word' id='word_1_2' title='bbox 604 440 763 494; x_wconf 82' lang='lat' dir='ltr'><strong>Itinera</strong></span> <span class='ocrx_word' id='word_1_3' title='bbox 790 439 1171 511; x_wconf 84' lang='lat' dir='ltr'><strong>Hierosolymitana</strong></span> 
     </span>
    </p>
   </div>
   <div class='ocr_carea' id='block_1_2' title="bbox 313 631 1537 3049">
    <p class='ocr_par' dir='ltr' id='par_1_2' title="bbox 314 631 1445 720">
     <span class='ocr_line' id='line_1_2' title="bbox 314 631 1445 720; baseline 0.002 -20"><span class='ocrx_word' id='word_1_4' title='bbox 314 635 438 700; x_wconf 90' lang='lat' dir='ltr'><strong>diuitiis</strong></span> <span class='ocrx_word' id='word_1_5' title='bbox 454 635 516 700; x_wconf 88' lang='lat' dir='ltr'><strong>sibi</strong></span> <span class='ocrx_word' id='word_1_6' title='bbox 535 634 741 700; x_wconf 82' lang='lat' dir='ltr'><strong>affluentibus</strong></span> <span class='ocrx_word' id='word_1_7' title='bbox 758 634 881 700; x_wconf 88' lang='lat' dir='ltr'><strong>habuit.</strong></span> <span class='ocrx_word' id='word_1_8' title='bbox 908 631 970 713; x_wconf 86' lang='lat' dir='ltr'><strong>Qui</strong></span> <span class='ocrx_word' id='word_1_9' title='bbox 988 635 1161 700; x_wconf 88' lang='lat' dir='ltr'><strong>moriturus</strong></span> <span class='ocrx_word' id='word_1_10' title='bbox 1181 635 1355 720; x_wconf 85' lang='lat' dir='ltr'><strong>interrogat</strong></span> <span class='ocrx_word' id='word_1_11' title='bbox 1371 635 1445 702; x_wconf 88' lang='lat' dir='ltr'><strong>filios.</strong></span> 
     </span>
    </p>

    <p class='ocr_par' dir='ltr' id='par_1_3' title="bbox 313 741 1537 2424">
     <span class='ocr_line' id='line_1_3' title="bbox 314 741 1537 826; baseline 0.002 -21"><span class='ocrx_word' id='word_1_12' title='bbox 314 743 371 824; x_wconf 89' lang='lat' dir='ltr'><strong>qui</strong></span> <span class='ocrx_word' id='word_1_13' title='bbox 389 741 518 808; x_wconf 87' lang='lat' dir='ltr'><strong>Domini</strong></span> <span class='ocrx_word' id='word_1_14' title='bbox 537 741 711 820; x_wconf 87' lang='lat' dir='ltr'><strong>sudarium,</strong></span> <span class='ocrx_word' id='word_1_15' title='bbox 732 742 787 824; x_wconf 89' lang='lat' dir='ltr'><strong>qui</strong></span> <span class='ocrx_word' id='word_1_16' title='bbox 807 746 928 807; x_wconf 88' lang='lat' dir='ltr'><strong>ceteras</strong></span> <span class='ocrx_word' id='word_1_17' title='bbox 947 741 1046 825; x_wconf 87' lang='lat' dir='ltr'><strong>patris</strong></span> <span class='ocrx_word' id='word_1_18' title='bbox 1066 742 1147 806; x_wconf 86' lang='lat' dir='ltr'><strong>uelit</strong></span> <span class='ocrx_word' id='word_1_19' title='bbox 1164 741 1307 826; x_wconf 87' lang='lat' dir='ltr'><strong>accipere</strong></span> <span class='ocrx_word' id='word_1_20' title='bbox 1326 741 1445 808; x_wconf 84' lang='lat' dir='ltr'><strong>diuitias.</strong></span> <span class='ocrx_word' id='word_1_21' title='bbox 1535 749 1537 820; x_wconf 60' lang='lat' dir='ltr'>j</span> 
     </span>
     <span class='ocr_line' id='line_1_4' title="bbox 313 847 1537 936; baseline -0.001 -23"><span class='ocrx_word' id='word_1_22' title='bbox 313 849 417 913; x_wconf 88' lang='lat' dir='ltr'><strong>Maior</strong></span> <span class='ocrx_word' id='word_1_23' title='bbox 442 849 610 913; x_wconf 75' lang='lat' dir='ltr'>thesauros</span> <span class='ocrx_word' id='word_1_24' title='bbox 637 866 753 926; x_wconf 89' lang='lat' dir='ltr'><strong>rerum,</strong></span> <span class='ocrx_word' id='word_1_25' title='bbox 785 847 887 912; x_wconf 90' lang='lat' dir='ltr'><strong>minor</strong></span> <span class='ocrx_word' id='word_1_26' title='bbox 920 847 1018 932; x_wconf 84' lang='lat' dir='ltr'><strong>elegit</strong></span> <span class='ocrx_word' id='word_1_27' title='bbox 1051 847 1224 927; x_wconf 87' lang='lat' dir='ltr'><strong>sudarium,</strong></span> <span class='ocrx_word' id='word_1_28' title='bbox 1254 852 1286 913; x_wconf 89' lang='lat' dir='ltr'><strong>et</strong></span> <span class='ocrx_word' id='word_1_29' title='bbox 1317 867 1385 912; x_wconf 84' lang='lat' dir='ltr'><strong>mor</strong></span> <span class='ocrx_word' id='word_1_30' title='bbox 1411 849 1446 913; x_wconf 91' lang='lat' dir='ltr'><strong>illi</strong></span> <span class='ocrx_word' id='word_1_31' title='bbox 1536 897 1537 936; x_wconf 70' lang='lat'>3</span> 
     </span>
     <span class='ocr_line' id='line_1_5' title="bbox 314 953 1447 1038; baseline -0.001 -19"><span class='ocrx_word' id='word_1_32' title='bbox 314 955 502 1020; x_wconf 88' lang='lat' dir='ltr'><strong>decrescunt</strong></span> <span class='ocrx_word' id='word_1_33' title='bbox 537 973 640 1037; x_wconf 88' lang='lat' dir='ltr'><strong>usque</strong></span> <span class='ocrx_word' id='word_1_34' title='bbox 677 953 717 1018; x_wconf 90' lang='lat' dir='ltr'><strong>ad</strong></span> <span class='ocrx_word' id='word_1_35' title='bbox 752 957 985 1038; x_wconf 76' lang='lat' dir='ltr'><strong>paupertatem,</strong></span> <span class='ocrx_word' id='word_1_36' title='bbox 1023 953 1112 1019; x_wconf 81' lang='lat' dir='ltr'><strong>tratri</strong></span> <span class='ocrx_word' id='word_1_37' title='bbox 1149 957 1256 1020; x_wconf 86' lang='lat' dir='ltr'><strong>autem</strong></span> <span class='ocrx_word' id='word_1_38' title='bbox 1294 973 1364 1019; x_wconf 91' lang='lat' dir='ltr'><strong>cum</strong></span> <span class='ocrx_word' id='word_1_39' title='bbox 1402 954 1447 1018; x_wconf 81' lang='lat' dir='ltr'><strong>lide</strong></span> 
     </span>
     <span class='ocr_line' id='line_1_6' title="bbox 314 1061 1475 1146; baseline -0.002 -20"><span class='ocrx_word' id='word_1_40' title='bbox 314 1064 462 1128; x_wconf 89' lang='lat' dir='ltr'><strong>crescunt</strong></span> <span class='ocrx_word' id='word_1_41' title='bbox 486 1063 518 1125; x_wconf 89' lang='lat' dir='ltr'><strong>et</strong></span> <span class='ocrx_word' id='word_1_42' title='bbox 541 1079 626 1144; x_wconf 91' lang='lat' dir='ltr'><strong>opes.</strong></span> <span class='ocrx_word' id='word_1_43' title='bbox 652 1061 762 1144; x_wconf 84' lang='lat' dir='ltr'><strong>Usque</strong></span> <span class='ocrx_word' id='word_1_44' title='bbox 786 1061 826 1126; x_wconf 86' lang='lat' dir='ltr'><strong>ad</strong></span> <span class='ocrx_word' id='word_1_45' title='bbox 850 1061 992 1142; x_wconf 81' lang='lat' dir='ltr'><strong>quintam</strong></span> <span class='ocrx_word' id='word_1_46' title='bbox 1012 1079 1085 1144; x_wconf 88' lang='lat' dir='ltr'><strong>ergo</strong></span> <span class='ocrx_word' id='word_1_47' title='bbox 1106 1061 1340 1146; x_wconf 80' lang='lat' dir='ltr'><strong>generationem</strong></span> <span class='ocrx_word' id='word_1_48' title='bbox 1358 1061 1475 1126; x_wconf 76' lang='lat' dir='ltr'><strong>fideless</strong></span> 
     </span>
     <span class='ocr_line' id='line_1_7' title="bbox 314 1165 1537 1249; baseline -0.003 -17"><span class='ocrx_word' id='word_1_49' title='bbox 314 1170 454 1232; x_wconf 90' lang='lat' dir='ltr'><strong>tonuere.</strong></span> <span class='ocrx_word' id='word_1_50' title='bbox 491 1165 575 1231; x_wconf 88' lang='lat' dir='ltr'><strong>Hirro</strong></span> <span class='ocrx_word' id='word_1_51' title='bbox 603 1166 643 1231; x_wconf 90' lang='lat' dir='ltr'><strong>ad</strong></span> <span class='ocrx_word' id='word_1_52' title='bbox 670 1165 787 1249; x_wconf 91' lang='lat' dir='ltr'><strong>impios</strong></span> <span class='ocrx_word' id='word_1_53' title='bbox 811 1165 997 1249; x_wconf 88' lang='lat' dir='ltr'><strong>perueniens</strong></span> <span class='ocrx_word' id='word_1_54' title='bbox 1021 1165 1151 1231; x_wconf 89' lang='lat' dir='ltr'><strong>diuitias</strong></span> <span class='ocrx_word' id='word_1_55' title='bbox 1174 1169 1301 1232; x_wconf 90' lang='lat' dir='ltr'><strong>tantum</strong></span> <span class='ocrx_word' id='word_1_56' title='bbox 1324 1167 1406 1231; x_wconf 82' lang='lat' dir='ltr'><strong>aurit</strong></span> <span class='ocrx_word' id='word_1_57' title='bbox 1423 1171 1449 1229; x_wconf 89' lang='lat' dir='ltr'><strong>ut</strong></span> <span class='ocrx_word' id='word_1_58' title='bbox 1536 1205 1537 1214; x_wconf 59' lang='lat'><strong>.</strong></span> 
     </span>
     <span class='ocr_line' id='line_1_8' title="bbox 315 1272 1449 1358; baseline -0.001 -21"><span class='ocrx_word' id='word_1_59' title='bbox 315 1274 453 1352; x_wconf 87' lang='lat' dir='ltr'><strong>ludaeis,</strong></span> <span class='ocrx_word' id='word_1_60' title='bbox 473 1276 505 1337; x_wconf 89' lang='lat' dir='ltr'><strong>et</strong></span> <span class='ocrx_word' id='word_1_61' title='bbox 522 1273 582 1337; x_wconf 89' lang='lat' dir='ltr'><strong>lroc</strong></span> <span class='ocrx_word' id='word_1_62' title='bbox 600 1273 702 1338; x_wconf 91' lang='lat' dir='ltr'><strong>multo</strong></span> <span class='ocrx_word' id='word_1_63' title='bbox 722 1275 875 1356; x_wconf 89' lang='lat' dir='ltr'><strong>tempore,</strong></span> <span class='ocrx_word' id='word_1_64' title='bbox 896 1272 994 1337; x_wconf 91' lang='lat' dir='ltr'><strong>donec</strong></span> <span class='ocrx_word' id='word_1_65' title='bbox 1013 1275 1088 1355; x_wconf 90' lang='lat' dir='ltr'><strong>post</strong></span> <span class='ocrx_word' id='word_1_66' title='bbox 1105 1274 1201 1356; x_wconf 90' lang='lat' dir='ltr'><strong>longa</strong></span> <span class='ocrx_word' id='word_1_67' title='bbox 1217 1272 1333 1358; x_wconf 85' lang='lat' dir='ltr'><strong>litigia,</strong></span> <span class='ocrx_word' id='word_1_68' title='bbox 1353 1273 1449 1356; x_wconf 84' lang='lat' dir='ltr'><strong>quibus</strong></span> 
     </span>
     <span class='ocr_line' id='line_1_9' title="bbox 316 1378 1450 1461; baseline -0.003 -16"><span class='ocrx_word' id='word_1_69' title='bbox 316 1379 481 1446; x_wconf 86' lang='lat' dir='ltr'><strong>christiani</strong></span> <span class='ocrx_word' id='word_1_70' title='bbox 504 1379 614 1444; x_wconf 90' lang='lat' dir='ltr'><strong>Iudaei</strong></span> <span class='ocrx_word' id='word_1_71' title='bbox 643 1398 677 1444; x_wconf 90' lang='lat' dir='ltr'><strong>se</strong></span> <span class='ocrx_word' id='word_1_72' title='bbox 702 1379 831 1456; x_wconf 75' lang='lat' dir='ltr'><strong>Christi,</strong></span> <span class='ocrx_word' id='word_1_73' title='bbox 855 1378 998 1444; x_wconf 86' lang='lat' dir='ltr'><strong>infideles</strong></span> <span class='ocrx_word' id='word_1_74' title='bbox 1025 1398 1102 1444; x_wconf 89' lang='lat' dir='ltr'><strong>uero</strong></span> <span class='ocrx_word' id='word_1_75' title='bbox 1130 1398 1165 1444; x_wconf 91' lang='lat' dir='ltr'><strong>se</strong></span> <span class='ocrx_word' id='word_1_76' title='bbox 1188 1383 1315 1461; x_wconf 88' lang='lat' dir='ltr'><strong>patmm</strong></span> <span class='ocrx_word' id='word_1_77' title='bbox 1339 1399 1450 1445; x_wconf 87' lang='lat' dir='ltr'><strong>suorum</strong></span> 
     </span>
     <span class='ocr_line' id='line_1_10' title="bbox 317 1469 1537 1568; baseline -0.002 -16"><span class='ocrx_word' id='word_1_78' title='bbox 317 1486 525 1553; x_wconf 88' lang='lat' dir='ltr'><strong>adfirmabant</strong></span> <span class='ocrx_word' id='word_1_79' title='bbox 556 1485 699 1562; x_wconf 88' lang='lat' dir='ltr'><strong>heredes,</strong></span> <span class='ocrx_word' id='word_1_80' title='bbox 726 1485 874 1550; x_wconf 88' lang='lat' dir='ltr'><strong>Mauuias</strong></span> <span class='ocrx_word' id='word_1_81' title='bbox 909 1483 1152 1552; x_wconf 83' lang='lat' dir='ltr'><strong>Sarracenomm</strong></span> <span class='ocrx_word' id='word_1_82' title='bbox 1184 1505 1247 1565; x_wconf 85' lang='lat' dir='ltr'><strong>rex,</strong></span> <span class='ocrx_word' id='word_1_83' title='bbox 1275 1487 1331 1568; x_wconf 92' lang='lat' dir='ltr'><strong>qui</strong></span> <span class='ocrx_word' id='word_1_84' title='bbox 1361 1489 1452 1552; x_wconf 82' lang='lat' dir='ltr'><strong>nostra</strong></span> <span class='ocrx_word' id='word_1_85' title='bbox 1536 1469 1537 1476; x_wconf 7' lang='grc' dir='ltr'>ἵ</span> 
     </span>
     <span class='ocr_line' id='line_1_11' title="bbox 317 1589 1482 1676; baseline -0.007 -18"><span class='ocrx_word' id='word_1_86' title='bbox 317 1596 419 1658; x_wconf 86' lang='lat' dir='ltr'><strong>aetate</strong></span> <span class='ocrx_word' id='word_1_87' title='bbox 438 1593 509 1671; x_wconf 82' lang='lat' dir='ltr'><strong>fuit,</strong></span> <span class='ocrx_word' id='word_1_88' title='bbox 530 1592 621 1658; x_wconf 84' lang='lat' dir='ltr'><strong>iudex</strong></span> <span class='ocrx_word' id='word_1_89' title='bbox 640 1592 831 1675; x_wconf 87' lang='lat' dir='ltr'><strong>postulatur.</strong></span> <span class='ocrx_word' id='word_1_90' title='bbox 855 1589 918 1669; x_wconf 80' lang='lat' dir='ltr'><strong>Qui</strong></span> <span class='ocrx_word' id='word_1_91' title='bbox 936 1610 1069 1656; x_wconf 88' lang='lat' dir='ltr'><strong>accensa</strong></span> <span class='ocrx_word' id='word_1_92' title='bbox 1087 1592 1197 1676; x_wconf 87' lang='lat' dir='ltr'><strong>grandi</strong></span> <span class='ocrx_word' id='word_1_93' title='bbox 1214 1611 1293 1676; x_wconf 85' lang='lat' dir='ltr'><strong>pyra</strong></span> <span class='ocrx_word' id='word_1_94' title='bbox 1308 1592 1452 1659; x_wconf 81' lang='lat' dir='ltr'><strong>Christum</strong></span> <span class='ocrx_word' id='word_1_95' title='bbox 1467 1615 1482 1650; x_wconf 84' lang='lat' dir='ltr'><strong>n</strong></span> 
     </span>
     <span class='ocr_line' id='line_1_12' title="bbox 317 1699 1537 1782; baseline -0.004 -16"><span class='ocrx_word' id='word_1_96' title='bbox 317 1700 455 1766; x_wconf 90' lang='lat' dir='ltr'><strong>iudicem</strong></span> <span class='ocrx_word' id='word_1_97' title='bbox 487 1704 644 1782; x_wconf 82' lang='lat' dir='ltr'><strong>precatur,</strong></span> <span class='ocrx_word' id='word_1_98' title='bbox 678 1699 733 1782; x_wconf 88' lang='lat' dir='ltr'><strong>qni</strong></span> <span class='ocrx_word' id='word_1_99' title='bbox 764 1699 826 1764; x_wconf 94' lang='lat' dir='ltr'><strong>hoc</strong></span> <span class='ocrx_word' id='word_1_100' title='bbox 856 1717 913 1782; x_wconf 93' lang='lat' dir='ltr'><strong>pro</strong></span> <span class='ocrx_word' id='word_1_101' title='bbox 948 1717 1077 1766; x_wconf 88' lang='lat' dir='ltr'><strong>suorum</strong></span> <span class='ocrx_word' id='word_1_102' title='bbox 1110 1701 1214 1766; x_wconf 87' lang='lat' dir='ltr'><strong>salute</strong></span> <span class='ocrx_word' id='word_1_103' title='bbox 1247 1719 1344 1782; x_wconf 90' lang='lat' dir='ltr'><strong>super</strong></span> <span class='ocrx_word' id='word_1_104' title='bbox 1373 1703 1452 1782; x_wconf 88' lang='lat' dir='ltr'><strong>caput</strong></span> <span class='ocrx_word' id='word_1_105' title='bbox 1536 1703 1537 1720; x_wconf 65' lang='lat'>³</span> 
     </span>
     <span class='ocr_line' id='line_1_13' title="bbox 317 1804 1453 1892; baseline -0.004 -19"><span class='ocrx_word' id='word_1_106' title='bbox 317 1807 432 1873; x_wconf 86' lang='lat' dir='ltr'><strong>habere</strong></span> <span class='ocrx_word' id='word_1_107' title='bbox 456 1807 649 1892; x_wconf 85' lang='lat' dir='ltr'><strong>dignaretur.</strong></span> <span class='ocrx_word' id='word_1_108' title='bbox 673 1806 811 1871; x_wconf 87' lang='lat' dir='ltr'><strong>Missum</strong></span> <span class='ocrx_word' id='word_1_109' title='bbox 836 1825 909 1889; x_wconf 89' lang='lat' dir='ltr'><strong>ergo</strong></span> <span class='ocrx_word' id='word_1_110' title='bbox 927 1805 960 1869; x_wconf 91' lang='lat' dir='ltr'><strong>in</strong></span> <span class='ocrx_word' id='word_1_111' title='bbox 978 1805 1053 1889; x_wconf 86' lang='lat' dir='ltr'><strong>igne</strong></span> <span class='ocrx_word' id='word_1_112' title='bbox 1073 1804 1235 1870; x_wconf 88' lang='lat' dir='ltr'><strong>sudarium</strong></span> <span class='ocrx_word' id='word_1_113' title='bbox 1255 1806 1358 1872; x_wconf 90' lang='lat' dir='ltr'><strong>ueloci</strong></span> <span class='ocrx_word' id='word_1_114' title='bbox 1374 1809 1453 1890; x_wconf 89' lang='lat' dir='ltr'><strong>raptu</strong></span> 
     </span>
     <span class='ocr_line' id='line_1_14' title="bbox 318 1911 1537 2022; baseline -0.002 -43"><span class='ocrx_word' id='word_1_115' title='bbox 318 1914 485 1999; x_wconf 84' lang='lat' dir='ltr'><strong>aufugiens</strong></span> <span class='ocrx_word' id='word_1_116' title='bbox 515 1913 622 1978; x_wconf 90' lang='lat' dir='ltr'><strong>euolat</strong></span> <span class='ocrx_word' id='word_1_117' title='bbox 650 1916 683 1977; x_wconf 92' lang='lat' dir='ltr'><strong>et</strong></span> <span class='ocrx_word' id='word_1_118' title='bbox 704 1912 736 1977; x_wconf 92' lang='lat' dir='ltr'><strong>in</strong></span> <span class='ocrx_word' id='word_1_119' title='bbox 760 1931 885 1977; x_wconf 90' lang='lat' dir='ltr'><strong>summo</strong></span> <span class='ocrx_word' id='word_1_120' title='bbox 911 1931 980 1978; x_wconf 87' lang='lat' dir='ltr'><strong>aere</strong></span> <span class='ocrx_word' id='word_1_121' title='bbox 1005 1911 1185 1978; x_wconf 87' lang='lat' dir='ltr'><strong>diutissime</strong></span> <span class='ocrx_word' id='word_1_122' title='bbox 1214 1913 1306 1995; x_wconf 89' lang='lat' dir='ltr'><strong>quasi</strong></span> <span class='ocrx_word' id='word_1_123' title='bbox 1332 1913 1453 1979; x_wconf 89' lang='lat' dir='ltr'><strong>ludendo</strong></span> <span class='ocrx_word' id='word_1_124' title='bbox 1534 1937 1537 2022; x_wconf 68' lang='lat'><strong>1&#39;</strong></span> 
     </span>
     <span class='ocr_line' id='line_1_15' title="bbox 318 2018 1537 2102; baseline -0.002 -17"><span class='ocrx_word' id='word_1_125' title='bbox 318 2021 525 2097; x_wconf 89' lang='lat' dir='ltr'><strong>uolucritans,</strong></span> <span class='ocrx_word' id='word_1_126' title='bbox 541 2019 581 2084; x_wconf 87' lang='lat' dir='ltr'><strong>ad</strong></span> <span class='ocrx_word' id='word_1_127' title='bbox 596 2018 748 2083; x_wconf 90' lang='lat' dir='ltr'><strong>ultimum</strong></span> <span class='ocrx_word' id='word_1_128' title='bbox 763 2019 887 2084; x_wconf 90' lang='lat' dir='ltr'><strong>cunctis</strong></span> <span class='ocrx_word' id='word_1_129' title='bbox 906 2019 1066 2102; x_wconf 85' lang='lat' dir='ltr'><strong>utrimque</strong></span> <span class='ocrx_word' id='word_1_130' title='bbox 1086 2020 1284 2086; x_wconf 89' lang='lat' dir='ltr'><strong>intuentibus</strong></span> <span class='ocrx_word' id='word_1_131' title='bbox 1304 2039 1338 2086; x_wconf 89' lang='lat' dir='ltr'><strong>so</strong></span> <span class='ocrx_word' id='word_1_132' title='bbox 1355 2021 1455 2085; x_wconf 90' lang='lat' dir='ltr'><strong>leuiter</strong></span> <span class='ocrx_word' id='word_1_133' title='bbox 1536 2029 1537 2050; x_wconf 61' lang='lat'><strong>³</strong></span> 
     </span>
     <span class='ocr_line' id='line_1_16' title="bbox 318 2124 1485 2210; baseline -0.003 -18"><span class='ocrx_word' id='word_1_134' title='bbox 318 2127 350 2192; x_wconf 91' lang='lat' dir='ltr'><strong>in</strong></span> <span class='ocrx_word' id='word_1_135' title='bbox 378 2127 544 2192; x_wconf 86' lang='lat' dir='ltr'><strong>cuiusdam</strong></span> <span class='ocrx_word' id='word_1_136' title='bbox 573 2125 611 2190; x_wconf 91' lang='lat' dir='ltr'><strong>do</strong></span> <span class='ocrx_word' id='word_1_137' title='bbox 641 2125 822 2190; x_wconf 88' lang='lat' dir='ltr'><strong>christianis</strong></span> <span class='ocrx_word' id='word_1_138' title='bbox 851 2125 923 2192; x_wconf 90' lang='lat' dir='ltr'><strong>sinu</strong></span> <span class='ocrx_word' id='word_1_139' title='bbox 955 2125 1112 2210; x_wconf 86' lang='lat' dir='ltr'><strong>deposuit.</strong></span> <span class='ocrx_word' id='word_1_140' title='bbox 1157 2124 1250 2206; x_wconf 86' lang='lat' dir='ltr'><strong>Quod</strong></span> <span class='ocrx_word' id='word_1_141' title='bbox 1276 2146 1366 2192; x_wconf 88' lang='lat' dir='ltr'><strong>mane</strong></span> <span class='ocrx_word' id='word_1_142' title='bbox 1396 2145 1453 2190; x_wconf 92' lang='lat' dir='ltr'><strong>mor</strong></span> <span class='ocrx_word' id='word_1_143' title='bbox 1470 2145 1485 2182; x_wconf 80' lang='lat' dir='ltr'><strong>a</strong></span> 
     </span>
     <span class='ocr_line' id='line_1_17' title="bbox 319 2232 1455 2316; baseline 0.003 -19"><span class='ocrx_word' id='word_1_144' title='bbox 319 2236 407 2298; x_wconf 92' lang='lat' dir='ltr'><strong>totus</strong></span> <span class='ocrx_word' id='word_1_145' title='bbox 435 2232 573 2316; x_wconf 89' lang='lat' dir='ltr'><strong>populus</strong></span> <span class='ocrx_word' id='word_1_146' title='bbox 601 2251 727 2297; x_wconf 89' lang='lat' dir='ltr'><strong>summa</strong></span> <span class='ocrx_word' id='word_1_147' title='bbox 758 2235 961 2298; x_wconf 89' lang='lat' dir='ltr'><strong>ueneratione</strong></span> <span class='ocrx_word' id='word_1_148' title='bbox 994 2234 1155 2300; x_wconf 85' lang='lat' dir='ltr'><strong>salutabat</strong></span> <span class='ocrx_word' id='word_1_149' title='bbox 1188 2238 1221 2299; x_wconf 90' lang='lat' dir='ltr'><strong>et</strong></span> <span class='ocrx_word' id='word_1_150' title='bbox 1253 2235 1455 2302; x_wconf 85' lang='lat' dir='ltr'><strong>osculabatur:</strong></span> 
     </span>
     <span class='ocr_line' id='line_1_18' title="bbox 319 2337 1045 2424; baseline 0.001 -21"><span class='ocrx_word' id='word_1_151' title='bbox 319 2339 457 2404; x_wconf 87' lang='lat' dir='ltr'><strong>habebat</strong></span> <span class='ocrx_word' id='word_1_152' title='bbox 479 2342 587 2404; x_wconf 87' lang='lat' dir='ltr'><strong>autem</strong></span> <span class='ocrx_word' id='word_1_153' title='bbox 608 2337 819 2424; x_wconf 88' lang='lat' dir='ltr'><strong>longitudinis</strong></span> <span class='ocrx_word' id='word_1_154' title='bbox 844 2343 915 2405; x_wconf 88' lang='lat' dir='ltr'><strong>oeto</strong></span> <span class='ocrx_word' id='word_1_155' title='bbox 939 2339 1045 2422; x_wconf 89' lang='lat' dir='ltr'><strong>pedes.</strong></span> 
     </span>
    </p>

    <p class='ocr_par' dir='ltr' id='par_1_4' title="bbox 319 2445 1490 2832">
     <span class='ocr_line' id='line_1_19' title="bbox 362 2445 1456 2528; baseline 0 -18"><span class='ocrx_word' id='word_1_156' title='bbox 362 2445 460 2510; x_wconf 82' lang='lat' dir='ltr'><strong>Aliud</strong></span> <span class='ocrx_word' id='word_1_157' title='bbox 483 2464 609 2528; x_wconf 88' lang='lat' dir='ltr'><strong>qnoque</strong></span> <span class='ocrx_word' id='word_1_158' title='bbox 632 2446 793 2528; x_wconf 87' lang='lat' dir='ltr'><strong>aliquanto</strong></span> <span class='ocrx_word' id='word_1_159' title='bbox 812 2447 915 2513; x_wconf 89' lang='lat' dir='ltr'><strong>maius</strong></span> <span class='ocrx_word' id='word_1_160' title='bbox 934 2447 1067 2512; x_wconf 91' lang='lat' dir='ltr'><strong>linteum</strong></span> <span class='ocrx_word' id='word_1_161' title='bbox 1087 2447 1119 2512; x_wconf 89' lang='lat' dir='ltr'><strong>in</strong></span> <span class='ocrx_word' id='word_1_162' title='bbox 1139 2447 1275 2513; x_wconf 90' lang='lat' dir='ltr'><strong>ecclesia</strong></span> <span class='ocrx_word' id='word_1_163' title='bbox 1292 2450 1456 2513; x_wconf 89' lang='lat' dir='ltr'><strong>ueneratur.</strong></span> 
     </span>
     <span class='ocr_line' id='line_1_20' title="bbox 320 2553 1457 2638; baseline 0 -20"><span class='ocrx_word' id='word_1_164' title='bbox 320 2553 404 2636; x_wconf 89' lang='lat' dir='ltr'><strong>quod</strong></span> <span class='ocrx_word' id='word_1_165' title='bbox 439 2554 539 2618; x_wconf 86' lang='lat' dir='ltr'><strong>fertur</strong></span> <span class='ocrx_word' id='word_1_166' title='bbox 566 2573 584 2616; x_wconf 87' lang='lat' dir='ltr'><strong>a</strong></span> <span class='ocrx_word' id='word_1_167' title='bbox 616 2556 727 2618; x_wconf 89' lang='lat' dir='ltr'><strong>sancta</strong></span> <span class='ocrx_word' id='word_1_168' title='bbox 752 2554 853 2618; x_wconf 89' lang='lat' dir='ltr'><strong>Maria</strong></span> <span class='ocrx_word' id='word_1_169' title='bbox 886 2558 1076 2630; x_wconf 82' lang='lat' dir='ltr'><strong>contextum,</strong></span> <span class='ocrx_word' id='word_1_170' title='bbox 1101 2553 1163 2619; x_wconf 88' lang='lat' dir='ltr'><strong>XlI</strong></span> <span class='ocrx_word' id='word_1_171' title='bbox 1191 2555 1402 2638; x_wconf 86' lang='lat' dir='ltr'><strong>apostolorum</strong></span> <span class='ocrx_word' id='word_1_172' title='bbox 1432 2557 1457 2618; x_wconf 85' lang='lat' dir='ltr'><strong>et</strong></span> 
     </span>
     <span class='ocr_line' id='line_1_21' title="bbox 319 2659 1490 2744; baseline -0.002 -20"><span class='ocrx_word' id='word_1_173' title='bbox 319 2660 422 2742; x_wconf 90' lang='lat' dir='ltr'><strong>ipsius</strong></span> <span class='ocrx_word' id='word_1_174' title='bbox 446 2659 574 2724; x_wconf 89' lang='lat' dir='ltr'><strong>Domini</strong></span> <span class='ocrx_word' id='word_1_175' title='bbox 599 2661 762 2725; x_wconf 90' lang='lat' dir='ltr'><strong>continens</strong></span> <span class='ocrx_word' id='word_1_176' title='bbox 791 2661 956 2744; x_wconf 84' lang='lat' dir='ltr'><strong>imagines,</strong></span> <span class='ocrx_word' id='word_1_177' title='bbox 980 2680 1043 2726; x_wconf 91' lang='lat' dir='ltr'><strong>uno</strong></span> <span class='ocrx_word' id='word_1_178' title='bbox 1071 2661 1169 2726; x_wconf 88' lang='lat' dir='ltr'><strong>latere</strong></span> <span class='ocrx_word' id='word_1_179' title='bbox 1197 2661 1292 2728; x_wconf 91' lang='lat' dir='ltr'><strong>rubro</strong></span> <span class='ocrx_word' id='word_1_180' title='bbox 1318 2665 1350 2727; x_wconf 90' lang='lat' dir='ltr'><strong>et</strong></span> <span class='ocrx_word' id='word_1_181' title='bbox 1371 2663 1490 2726; x_wconf 79' lang='lat' dir='ltr'><strong>alterna</strong></span> 
     </span>
     <span class='ocr_line' id='line_1_22' title="bbox 320 2766 425 2832; baseline -0.01 -1"><span class='ocrx_word' id='word_1_182' title='bbox 320 2766 425 2832; x_wconf 90' lang='lat' dir='ltr'><strong>uiridi.</strong></span> 
     </span>
    </p>

    <p class='ocr_par' dir='ltr' id='par_1_5' title="bbox 365 2869 1535 2963">
     <span class='ocr_line' id='line_1_23' title="bbox 365 2869 1535 2963; baseline 0.002 -5"><span class='ocrx_word' id='word_1_183' title='bbox 365 2905 397 2960; x_wconf 89' lang='lat' dir='ltr'><strong>v.</strong></span> <span class='ocrx_word' id='word_1_184' title='bbox 417 2903 467 2960; x_wconf 85' lang='lat' dir='ltr'><strong>na</strong></span> <span class='ocrx_word' id='word_1_185' title='bbox 487 2902 591 2959; x_wconf 85' lang='lat' dir='ltr'><strong>noers</strong></span> <span class='ocrx_word' id='word_1_186' title='bbox 611 2903 717 2960; x_wconf 80' lang='lat' dir='ltr'><strong>meon</strong></span> <span class='ocrx_word' id='word_1_187' title='bbox 735 2905 973 2960; x_wconf 74' lang='lat' dir='ltr'><strong>staurarium</strong></span> <span class='ocrx_word' id='word_1_188' title='bbox 992 2907 1036 2960; x_wconf 83' lang='lat' dir='ltr'><strong>m</strong></span> <span class='ocrx_word' id='word_1_189' title='bbox 1055 2907 1230 2963; x_wconf 81' lang='lat' dir='ltr'><strong>acconam</strong></span> <span class='ocrx_word' id='word_1_190' title='bbox 1250 2907 1292 2962; x_wconf 83' lang='lat' dir='ltr'><strong>ru</strong></span> <span class='ocrx_word' id='word_1_191' title='bbox 1310 2905 1420 2962; x_wconf 80' lang='grc'><strong>111111</strong></span> <span class='ocrx_word' id='word_1_192' title='bbox 1534 2869 1535 2890; x_wconf 54' lang='lat'>¹</span> 
     </span>
    </p>

    <p class='ocr_par' dir='ltr' id='par_1_6' title="bbox 622 2994 991 3049">
     <span class='ocr_line' id='line_1_24' title="bbox 622 2994 991 3049; baseline 0.005 -2"><span class='ocrx_word' id='word_1_193' title='bbox 622 3009 627 3016; x_wconf 81' lang='lat'><strong>·</strong></span> <span class='ocrx_word' id='word_1_194' title='bbox 801 2994 991 3049; x_wconf 79' lang='lat' dir='ltr'><strong><em>IOSAPHAT.</em></strong></span> 
     </span>
    </p>
   </div>
   <div class='ocr_carea' id='block_1_3' title="bbox 321 3093 1534 3304">
    <p class='ocr_par' dir='ltr' id='par_1_7' title="bbox 321 3093 1534 3304">
     <span class='ocr_line' id='line_1_25' title="bbox 366 3093 1457 3178; baseline -0.005 -18"><span class='ocrx_word' id='word_1_195' title='bbox 366 3094 456 3160; x_wconf 81' lang='lat' dir='ltr'><strong>Circa</strong></span> <span class='ocrx_word' id='word_1_196' title='bbox 486 3093 732 3159; x_wconf 87' lang='lat' dir='ltr'><strong>Hierosolimam</strong></span> <span class='ocrx_word' id='word_1_197' title='bbox 766 3114 875 3178; x_wconf 89' lang='lat' dir='ltr'><strong>aspera</strong></span> <span class='ocrx_word' id='word_1_198' title='bbox 907 3115 944 3160; x_wconf 89' lang='lat' dir='ltr'><strong>ac</strong></span> <span class='ocrx_word' id='word_1_199' title='bbox 980 3099 1149 3162; x_wconf 88' lang='lat' dir='ltr'><strong>montuosa</strong></span> <span class='ocrx_word' id='word_1_200' title='bbox 1186 3101 1357 3162; x_wconf 86' lang='lat' dir='ltr'><strong>comuntur</strong></span> <span class='ocrx_word' id='word_1_201' title='bbox 1388 3097 1457 3160; x_wconf 93' lang='lat' dir='ltr'><strong>loca.</strong></span> 
     </span>
     <span class='ocr_line' id='line_1_26' title="bbox 321 3201 1534 3304; baseline -0.002 -40"><span class='ocrx_word' id='word_1_202' title='bbox 321 3201 404 3264; x_wconf 91' lang='lat' dir='ltr'><strong>Hinc</strong></span> <span class='ocrx_word' id='word_1_203' title='bbox 428 3220 552 3284; x_wconf 88' lang='lat' dir='ltr'><strong>quoque</strong></span> <span class='ocrx_word' id='word_1_204' title='bbox 572 3201 831 3284; x_wconf 88' lang='lat' dir='ltr'><strong>septemtrionem</strong></span> <span class='ocrx_word' id='word_1_205' title='bbox 852 3221 964 3267; x_wconf 85' lang='lat' dir='ltr'><strong>uersus</strong></span> <span class='ocrx_word' id='word_1_206' title='bbox 983 3221 1086 3285; x_wconf 88' lang='lat' dir='ltr'><strong>usque</strong></span> <span class='ocrx_word' id='word_1_207' title='bbox 1106 3205 1144 3268; x_wconf 90' lang='lat' dir='ltr'><strong>ad</strong></span> <span class='ocrx_word' id='word_1_208' title='bbox 1163 3203 1370 3268; x_wconf 83' lang='lat' dir='ltr'><strong>Arimathiam</strong></span> <span class='ocrx_word' id='word_1_209' title='bbox 1387 3205 1459 3266; x_wconf 85' lang='lat' dir='ltr'><strong>terra</strong></span> <span class='ocrx_word' id='word_1_210' title='bbox 1473 3219 1491 3258; x_wconf 80' lang='lat' dir='ltr'><strong>a</strong></span> <span class='ocrx_word' id='word_1_211' title='bbox 1533 3283 1534 3304; x_wconf 13' lang='grc' dir='ltr'><strong>Χ</strong></span> 
     </span>
    </p>
   </div>
   <div class='ocr_carea' id='block_1_4' title="bbox 413 3355 1458 3430">
    <p class='ocr_par' dir='ltr' id='par_1_8' title="bbox 413 3355 1458 3430">
     <span class='ocr_line' id='line_1_27' title="bbox 413 3355 1458 3430; baseline -0.001 -21"><span class='ocrx_word' id='word_1_212' title='bbox 413 3356 446 3411; x_wconf 89' lang='grc'><strong>18</strong></span> <span class='ocrx_word' id='word_1_213' title='bbox 464 3355 578 3411; x_wconf 80' lang='lat' dir='ltr'><strong>Adamn.</strong></span> <span class='ocrx_word' id='word_1_214' title='bbox 598 3376 624 3428; x_wconf 88' lang='lat' dir='ltr'><strong>p.</strong></span> <span class='ocrx_word' id='word_1_215' title='bbox 643 3357 704 3423; x_wconf 81' lang='lat'><strong>239,</strong></span> <span class='ocrx_word' id='word_1_216' title='bbox 724 3359 741 3412; x_wconf 83' lang='lat'><strong>3</strong></span> <span class='ocrx_word' id='word_1_217' title='bbox 796 3359 831 3412; x_wconf 98' lang='grc'><strong>24</strong></span> <span class='ocrx_word' id='word_1_218' title='bbox 850 3357 964 3415; x_wconf 80' lang='lat' dir='ltr'><strong>Adamn.</strong></span> <span class='ocrx_word' id='word_1_219' title='bbox 983 3377 1011 3429; x_wconf 92' lang='lat' dir='ltr'><strong>p.</strong></span> <span class='ocrx_word' id='word_1_220' title='bbox 1030 3359 1090 3426; x_wconf 79' lang='lat'><strong>245,</strong></span> <span class='ocrx_word' id='word_1_221' title='bbox 1111 3361 1126 3414; x_wconf 77' lang='lat'>7</span> <span class='ocrx_word' id='word_1_222' title='bbox 1177 3359 1291 3414; x_wconf 83' lang='lat' dir='ltr'><strong>Eucher.</strong></span> <span class='ocrx_word' id='word_1_223' title='bbox 1312 3377 1337 3430; x_wconf 88' lang='lat' dir='ltr'><strong>p.</strong></span> <span class='ocrx_word' id='word_1_224' title='bbox 1357 3359 1412 3416; x_wconf 88' lang='grc'><strong>127,</strong></span> <span class='ocrx_word' id='word_1_225' title='bbox 1430 3355 1458 3408; x_wconf 86' lang='grc'><strong>13</strong></span> 
     </span>
    </p>
   </div>
   <div class='ocr_carea' id='block_1_5' title="bbox 321 3461 1461 3804">
    <p class='ocr_par' dir='ltr' id='par_1_9' title="bbox 321 3461 1461 3804">
     <span class='ocr_line' id='line_1_28' title="bbox 359 3461 1457 3535; baseline -0.001 -20"><span class='ocrx_word' id='word_1_226' title='bbox 359 3461 576 3531; x_wconf 83' lang='lat' dir='ltr'><strong>linterrogauit</strong></span> <span class='ocrx_word' id='word_1_227' title='bbox 592 3463 651 3516; x_wconf 90' lang='lat' dir='ltr'><strong>PV</strong></span> <span class='ocrx_word' id='word_1_228' title='bbox 719 3463 789 3517; x_wconf 88' lang='lat' dir='ltr'><strong>lilios</strong></span> <span class='ocrx_word' id='word_1_229' title='bbox 809 3481 872 3517; x_wconf 89' lang='lat' dir='ltr'><strong>suos</strong></span> <span class='ocrx_word' id='word_1_230' title='bbox 891 3465 918 3516; x_wconf 98' lang='lat' dir='ltr'><strong><em>A</em></strong></span> <span class='ocrx_word' id='word_1_231' title='bbox 977 3466 1073 3535; x_wconf 79' lang='lat' dir='ltr'><strong>2quis</strong></span> <span class='ocrx_word' id='word_1_232' title='bbox 1093 3467 1119 3518; x_wconf 89' lang='lat' dir='ltr'><strong><em>A</em></strong></span> <span class='ocrx_word' id='word_1_233' title='bbox 1193 3467 1253 3535; x_wconf 87' lang='lat' dir='ltr'><strong>quis</strong></span> <span class='ocrx_word' id='word_1_234' title='bbox 1272 3467 1299 3520; x_wconf 92' lang='lat' dir='ltr'><strong><em>A</em></strong></span> <span class='ocrx_word' id='word_1_235' title='bbox 1369 3468 1457 3534; x_wconf 84' lang='lat' dir='ltr'><strong>patres.</strong></span> 
     </span>
     <span class='ocr_line' id='line_1_29' title="bbox 321 3551 1457 3622; baseline 0 -19"><span class='ocrx_word' id='word_1_236' title='bbox 321 3551 370 3606; x_wconf 83' lang='lat' dir='ltr'><strong>aed</strong></span> <span class='ocrx_word' id='word_1_237' title='bbox 387 3567 456 3606; x_wconf 79' lang='lat' dir='ltr'><strong>corr.</strong></span> <span class='ocrx_word' id='word_1_238' title='bbox 477 3557 501 3608; x_wconf 89' lang='lat'><strong>1.</strong></span> <span class='ocrx_word' id='word_1_239' title='bbox 520 3568 554 3604; x_wconf 88' lang='lat' dir='ltr'><strong>m.</strong></span> <span class='ocrx_word' id='word_1_240' title='bbox 574 3551 600 3604; x_wconf 88' lang='lat' dir='ltr'><em>V</em></span> <span class='ocrx_word' id='word_1_241' title='bbox 652 3553 668 3606; x_wconf 86' lang='lat'><strong>3</strong></span> <span class='ocrx_word' id='word_1_242' title='bbox 690 3557 754 3620; x_wconf 83' lang='lat' dir='ltr'><strong>post</strong></span> <span class='ocrx_word' id='word_1_243' title='bbox 771 3553 858 3606; x_wconf 90' lang='lat' dir='ltr'><strong>maior</strong></span> <span class='ocrx_word' id='word_1_244' title='bbox 878 3553 943 3606; x_wconf 82' lang='lat' dir='ltr'><strong>add.</strong></span> <span class='ocrx_word' id='word_1_245' title='bbox 963 3570 1028 3608; x_wconf 88' lang='lat' dir='ltr'><strong>uero</strong></span> <span class='ocrx_word' id='word_1_246' title='bbox 1046 3553 1104 3607; x_wconf 93' lang='lat' dir='ltr'><strong>PV</strong></span> <span class='ocrx_word' id='word_1_247' title='bbox 1183 3555 1321 3609; x_wconf 88' lang='lat' dir='ltr'><strong>sudarium</strong></span> <span class='ocrx_word' id='word_1_248' title='bbox 1342 3552 1457 3622; x_wconf 85' lang='lat' dir='ltr'><strong>elegitA</strong></span> 
     </span>
     <span class='ocr_line' id='line_1_30' title="bbox 322 3637 1457 3712; baseline -0.003 -19"><span class='ocrx_word' id='word_1_249' title='bbox 322 3640 365 3694; x_wconf 94' lang='lat' dir='ltr'><strong>illi</strong></span> <span class='ocrx_word' id='word_1_250' title='bbox 383 3641 466 3710; x_wconf 92' lang='lat' dir='ltr'><strong>priori</strong></span> <span class='ocrx_word' id='word_1_251' title='bbox 484 3640 542 3694; x_wconf 89' lang='lat' dir='ltr'><strong>PV</strong></span> <span class='ocrx_word' id='word_1_252' title='bbox 557 3640 599 3695; x_wconf 93' lang='lat' dir='ltr'><strong>illi</strong></span> <span class='ocrx_word' id='word_1_253' title='bbox 616 3641 761 3696; x_wconf 81' lang='lat' dir='ltr'><strong>thesauros</strong></span> <span class='ocrx_word' id='word_1_254' title='bbox 780 3641 894 3712; x_wconf 85' lang='lat' dir='ltr'><strong>eligenti</strong></span> <span class='ocrx_word' id='word_1_255' title='bbox 912 3644 940 3697; x_wconf 92' lang='lat' dir='ltr'><strong><em>A</em></strong></span> <span class='ocrx_word' id='word_1_256' title='bbox 994 3644 1011 3697; x_wconf 81' lang='lat'>4</span> <span class='ocrx_word' id='word_1_257' title='bbox 1031 3641 1190 3697; x_wconf 81' lang='lat' dir='ltr'><strong>decrescunt</strong></span> <span class='ocrx_word' id='word_1_258' title='bbox 1209 3645 1300 3698; x_wconf 87' lang='lat' dir='ltr'><strong>omnia</strong></span> <span class='ocrx_word' id='word_1_259' title='bbox 1313 3645 1339 3696; x_wconf 88' lang='lat' dir='ltr'><strong><em>A</em></strong></span> <span class='ocrx_word' id='word_1_260' title='bbox 1390 3637 1457 3695; x_wconf 83' lang='lat' dir='ltr'><strong>fratri</strong></span> 
     </span>
     <span class='ocr_line' id='line_1_31' title="bbox 323 3724 1461 3804; baseline 0 -22"><span class='ocrx_word' id='word_1_261' title='bbox 323 3731 414 3783; x_wconf 87' lang='lat' dir='ltr'><strong>autem</strong></span> <span class='ocrx_word' id='word_1_262' title='bbox 433 3729 533 3784; x_wconf 88' lang='lat' dir='ltr'><strong>iuniori</strong></span> <span class='ocrx_word' id='word_1_263' title='bbox 550 3729 608 3783; x_wconf 90' lang='lat' dir='ltr'><strong>PV</strong></span> <span class='ocrx_word' id='word_1_264' title='bbox 676 3731 746 3784; x_wconf 80' lang='lat' dir='ltr'><strong>oet</strong></span> <span class='ocrx_word' id='word_1_265' title='bbox 764 3747 816 3785; x_wconf 85' lang='lat' dir='ltr'><strong>om.</strong></span> <span class='ocrx_word' id='word_1_266' title='bbox 835 3732 864 3784; x_wconf 93' lang='lat' dir='ltr'><strong><em>A</em></strong></span> <span class='ocrx_word' id='word_1_267' title='bbox 954 3731 1028 3804; x_wconf 84' lang='lat' dir='ltr'><strong>ergo]</strong></span> <span class='ocrx_word' id='word_1_268' title='bbox 1050 3733 1107 3786; x_wconf 81' lang='lat' dir='ltr'><strong>eius</strong></span> <span class='ocrx_word' id='word_1_269' title='bbox 1126 3731 1185 3786; x_wconf 89' lang='lat' dir='ltr'><strong>PV</strong></span> <span class='ocrx_word' id='word_1_270' title='bbox 1254 3733 1393 3786; x_wconf 77' lang='lat' dir='ltr'><strong>dtantam</strong></span> <span class='ocrx_word' id='word_1_271' title='bbox 1410 3724 1461 3781; x_wconf 70' lang='grc' dir='ltr'><strong>ΡΥ</strong></span> 
     </span>
    </p>
   </div>
   <div class='ocr_carea' id='block_1_6' title="bbox 323 3801 1457 4006">
    <p class='ocr_par' dir='ltr' id='par_1_10' title="bbox 323 3801 1457 4006">
     <span class='ocr_line' id='line_1_32' title="bbox 323 3801 1457 3903; baseline 0.001 -6"><span class='ocrx_word' id='word_1_272' title='bbox 323 3801 431 3899; x_wconf 50' lang='lat' dir='ltr'><strong>utram</strong></span> <span class='ocrx_word' id='word_1_273' title='bbox 450 3861 519 3900; x_wconf 85' lang='lat' dir='ltr'><strong>corr.</strong></span> <span class='ocrx_word' id='word_1_274' title='bbox 538 3850 561 3898; x_wconf 83' lang='lat'><strong>1.</strong></span> <span class='ocrx_word' id='word_1_275' title='bbox 580 3845 656 3900; x_wconf 86' lang='lat' dir='ltr'><strong>m.P</strong></span> <span class='ocrx_word' id='word_1_276' title='bbox 710 3845 838 3902; x_wconf 88' lang='lat' dir='ltr'><strong>8iudaei</strong></span> <span class='ocrx_word' id='word_1_277' title='bbox 856 3847 992 3903; x_wconf 88' lang='lat' dir='ltr'><strong>fidelesA</strong></span> <span class='ocrx_word' id='word_1_278' title='bbox 1047 3847 1328 3903; x_wconf 84' lang='lat' dir='ltr'><strong>9asfirmabantPV</strong></span> <span class='ocrx_word' id='word_1_279' title='bbox 1391 3859 1457 3898; x_wconf 81' lang='lat' dir='ltr'><strong>mau-</strong></span> 
     </span>
     <span class='ocr_line' id='line_1_33' title="bbox 323 3932 1457 4006; baseline -0.002 -21"><span class='ocrx_word' id='word_1_280' title='bbox 323 3933 385 3986; x_wconf 88' lang='lat' dir='ltr'><strong>uius</strong></span> <span class='ocrx_word' id='word_1_281' title='bbox 399 3932 426 3985; x_wconf 93' lang='lat' dir='ltr'><strong><em>A</em></strong></span> <span class='ocrx_word' id='word_1_282' title='bbox 443 3933 498 3986; x_wconf 90' lang='lat' dir='ltr'><strong>mai</strong></span> <span class='ocrx_word' id='word_1_283' title='bbox 516 3950 583 3986; x_wconf 87' lang='lat' dir='ltr'><strong>uuas</strong></span> <span class='ocrx_word' id='word_1_284' title='bbox 595 3933 633 3988; x_wconf 87' lang='lat' dir='ltr'><strong><em>M</em></strong></span> <span class='ocrx_word' id='word_1_285' title='bbox 648 3951 775 3989; x_wconf 85' lang='lat' dir='ltr'><strong>mauuras</strong></span> <span class='ocrx_word' id='word_1_286' title='bbox 788 3934 816 3988; x_wconf 92' lang='lat' dir='ltr'><strong><em>P</em></strong></span> <span class='ocrx_word' id='word_1_287' title='bbox 833 3952 962 4006; x_wconf 86' lang='lat' dir='ltr'><strong>maunyas</strong></span> <span class='ocrx_word' id='word_1_288' title='bbox 982 3935 1009 3989; x_wconf 97' lang='lat' dir='ltr'><strong><em>V</em></strong></span> <span class='ocrx_word' id='word_1_289' title='bbox 1061 3953 1247 3990; x_wconf 83' lang='lat' dir='ltr'><strong>saracenorum</strong></span> <span class='ocrx_word' id='word_1_290' title='bbox 1259 3936 1288 3990; x_wconf 90' lang='lat' dir='ltr'><strong><em>P</em></strong></span> <span class='ocrx_word' id='word_1_291' title='bbox 1341 3935 1371 3990; x_wconf 88' lang='grc'><strong>10</strong></span> <span class='ocrx_word' id='word_1_292' title='bbox 1388 3945 1457 4003; x_wconf 74' lang='lat' dir='ltr'><strong>pyrra</strong></span> 
     </span>
    </p>
   </div>
   <div class='ocr_carea' id='block_1_7' title="bbox 322 4015 1457 4106">
    <p class='ocr_par' dir='ltr' id='par_1_11' title="bbox 322 4015 1457 4106">
     <span class='ocr_line' id='line_1_34' title="bbox 322 4015 1457 4106; baseline 0.003 -32"><span class='ocrx_word' id='word_1_293' title='bbox 322 4020 360 4075; x_wconf 86' lang='grc' dir='ltr'><strong>Μ</strong></span> <span class='ocrx_word' id='word_1_294' title='bbox 431 4023 462 4075; x_wconf 92' lang='grc'><strong>11</strong></span> <span class='ocrx_word' id='word_1_295' title='bbox 485 4021 616 4091; x_wconf 89' lang='lat' dir='ltr'><strong>capudA</strong></span> <span class='ocrx_word' id='word_1_296' title='bbox 690 4024 723 4076; x_wconf 82' lang='lat'><strong>12</strong></span> <span class='ocrx_word' id='word_1_297' title='bbox 742 4025 896 4094; x_wconf 87' lang='lat' dir='ltr'><strong>raptumA</strong></span> <span class='ocrx_word' id='word_1_298' title='bbox 969 4026 1003 4079; x_wconf 91' lang='grc'><strong>14</strong></span> <span class='ocrx_word' id='word_1_299' title='bbox 1022 4025 1144 4106; x_wconf 83' lang='lat' dir='ltr'><strong>utrisque</strong></span> <span class='ocrx_word' id='word_1_300' title='bbox 1163 4025 1219 4079; x_wconf 90' lang='lat' dir='ltr'><strong>PV</strong></span> <span class='ocrx_word' id='word_1_301' title='bbox 1290 4027 1322 4080; x_wconf 79' lang='lat'><strong>15</strong></span> <span class='ocrx_word' id='word_1_302' title='bbox 1340 4023 1394 4078; x_wconf 85' lang='lat' dir='ltr'><strong>sina</strong></span> <span class='ocrx_word' id='word_1_303' title='bbox 1411 4015 1457 4088; x_wconf 68' lang='grc' dir='ltr'><strong>ΒΓ</strong></span> 
     </span>
    </p>
   </div>
   <div class='ocr_carea' id='block_1_8' title="bbox 323 4105 1456 4284">
    <p class='ocr_par' dir='ltr' id='par_1_12' title="bbox 323 4105 1456 4284">
     <span class='ocr_line' id='line_1_35' title="bbox 326 4105 1455 4209; baseline -0.004 -20"><span class='ocrx_word' id='word_1_304' title='bbox 326 4138 358 4190; x_wconf 83' lang='lat'><strong>17</strong></span> <span class='ocrx_word' id='word_1_305' title='bbox 377 4137 462 4191; x_wconf 85' lang='lat' dir='ltr'><strong>habet</strong></span> <span class='ocrx_word' id='word_1_306' title='bbox 479 4139 507 4192; x_wconf 90' lang='lat' dir='ltr'><strong><em>A</em></strong></span> <span class='ocrx_word' id='word_1_307' title='bbox 564 4138 595 4191; x_wconf 82' lang='lat'><strong>18</strong></span> <span class='ocrx_word' id='word_1_308' title='bbox 614 4105 745 4209; x_wconf 57' lang='lat' dir='ltr'><strong>aliquanto</strong></span> <span class='ocrx_word' id='word_1_309' title='bbox 765 4155 834 4192; x_wconf 79' lang='lat' dir='ltr'><strong>coru.</strong></span> <span class='ocrx_word' id='word_1_310' title='bbox 854 4144 878 4195; x_wconf 91' lang='lat'><strong>1.</strong></span> <span class='ocrx_word' id='word_1_311' title='bbox 896 4157 930 4196; x_wconf 84' lang='lat' dir='ltr'><strong>m.</strong></span> <span class='ocrx_word' id='word_1_312' title='bbox 950 4141 976 4194; x_wconf 88' lang='lat' dir='ltr'><strong><em>V</em></strong></span> <span class='ocrx_word' id='word_1_313' title='bbox 1030 4141 1064 4195; x_wconf 91' lang='lat'><strong>19</strong></span> <span class='ocrx_word' id='word_1_314' title='bbox 1082 4107 1206 4195; x_wconf 69' lang='lat' dir='ltr'><strong>xriPV</strong></span> <span class='ocrx_word' id='word_1_315' title='bbox 1258 4133 1292 4196; x_wconf 84' lang='lat'><strong>2&#39;2</strong></span> <span class='ocrx_word' id='word_1_316' title='bbox 1311 4135 1455 4194; x_wconf 85' lang='lat' dir='ltr'><strong>hierusalem</strong></span> 
     </span>
     <span class='ocr_line' id='line_1_36' title="bbox 323 4221 1456 4284; baseline 0 -4"><span class='ocrx_word' id='word_1_317' title='bbox 323 4225 361 4280; x_wconf 87' lang='lat' dir='ltr'><strong><em>M</em></strong></span> <span class='ocrx_word' id='word_1_318' title='bbox 376 4225 520 4280; x_wconf 84' lang='lat' dir='ltr'><strong>ierusalem</strong></span> <span class='ocrx_word' id='word_1_319' title='bbox 538 4226 624 4280; x_wconf 87' lang='lat' dir='ltr'><strong>APV</strong></span> <span class='ocrx_word' id='word_1_320' title='bbox 693 4229 728 4281; x_wconf 88' lang='grc'><strong>24</strong></span> <span class='ocrx_word' id='word_1_321' title='bbox 756 4229 856 4282; x_wconf 89' lang='lat' dir='ltr'><strong>circum</strong></span> <span class='ocrx_word' id='word_1_322' title='bbox 875 4227 1075 4284; x_wconf 85' lang='lat' dir='ltr'><strong>hierosolimam</strong></span> <span class='ocrx_word' id='word_1_323' title='bbox 1095 4231 1158 4284; x_wconf 81' lang='lat' dir='ltr'><strong>Alli</strong></span> <span class='ocrx_word' id='word_1_324' title='bbox 1248 4221 1456 4284; x_wconf 83' lang='lat' dir='ltr'><strong>ierosolimsmP</strong></span> 
     </span>
    </p>
   </div>
   <div class='ocr_carea' id='block_1_9' title="bbox 324 4306 840 4412">
    <p class='ocr_par' dir='ltr' id='par_1_13' title="bbox 324 4306 840 4412">
     <span class='ocr_line' id='line_1_37' title="bbox 324 4306 840 4412; baseline 0.008 -19"><span class='ocrx_word' id='word_1_325' title='bbox 324 4306 507 4394; x_wconf 60' lang='lat' dir='ltr'><strong>terdecimum</strong></span> <span class='ocrx_word' id='word_1_326' title='bbox 532 4341 557 4393; x_wconf 87' lang='lat' dir='ltr'><strong><em>V</em></strong></span> <span class='ocrx_word' id='word_1_327' title='bbox 628 4359 724 4412; x_wconf 87' lang='lat' dir='ltr'><strong>aspera</strong></span> <span class='ocrx_word' id='word_1_328' title='bbox 743 4359 794 4397; x_wconf 84' lang='lat' dir='ltr'><strong>om.</strong></span> <span class='ocrx_word' id='word_1_329' title='bbox 814 4345 840 4397; x_wconf 92' lang='lat' dir='ltr'><strong><em>A</em></strong></span> 
     </span>
    </p>
   </div>
   <div class='ocr_carea' id='block_1_10' title="bbox 0 0 1583 4942">
    <p class='ocr_par' dir='ltr' id='par_1_14' title="bbox 0 0 1583 4942">
     <span class='ocr_line' id='line_1_38' title="bbox 0 0 1583 4942; baseline 0 0"><span class='ocrx_word' id='word_1_330' title='bbox 0 0 1583 4942; x_wconf 95' lang='lat' dir='ltr'><strong> </strong></span> 
     </span>
    </p>
   </div>
  </div>
 </body>
</html>
