3125 4942
143 1152 197 1217 DE
226 1149 348 1217 LOCIS
381 1149 573 1229 SANCTIS‚
605 1146 716 1231 QVOS
748 1149 1085 1215 PERAMBVLAVIT
1117 1150 1286 1216 Buauvs

482 1254 730 1322 ANTONINVS
754 1255 941 1321 MARTYR.

181 1400 375 1466 Procedente
401 1398 496 1463 beato
519 1396 678 1463 Antonino
706 1400 844 1480 martyre
872 1416 934 1462 una
962 1416 1035 1462 oum
1064 1398 1188 1482 collega
1216 1416 1286 1475 suo,
1313 1402 1365 1465 la

142 1526 175 1571 er
204 1526 240 1572 eo
275 1506 359 1589 quod
392 1504 555 1569 ciuitatem
587 1504 782 1569 Placentiam
821 1522 970 1587 egressus
1008 1508 1068 1581 est,
1099 1504 1133 1569 in
1171 1504 1288 1587 quibus

114 1613 215 1677 eloeis
242 1631 299 1695 per
325 1630 458 1695 regnum
487 1614 620 1675 conatus
649 1614 699 1674 est
724 1610 780 1687 ire,
809 1608 948 1694 uestigia
972 1610 1091 1675 Christi
1119 1614 1288 1693 sequentes

142 1721 172 1783 et
195 1718 351 1783 miracula
374 1722 555 1782 sanctorum
579 1717 806 1801 prophetarum
828 1716 995 1799 prouidere
1020 1720 1201 1800 coeperunt.
1238 1718 1270 1782 It

141 1822 324 1887 exeuntibus
343 1822 435 1888 nobis
455 1823 492 1888 dc
508 1821 817 1906 Constantinopolim
831 1822 978 1887 uenimus
992 1822 1023 1887 in
1040 1823 1145 1888 insula
1159 1823 1289 1905 Ciprum

140 1928 170 1993 in
196 1929 327 1994 ciuitate
351 1927 546 2007 Constantia,
571 1930 603 1994 in
631 1948 697 2013 qua
725 1928 900 2011 requiescit
927 1932 1056 1994 sanctus
1080 1930 1287 2014 llpiphanius.

142 2036 259 2101 Ciuitas
295 2037 439 2118 pulchra,
472 2036 623 2115 dilitiosa‚
657 2038 768 2101 ornata
800 2036 915 2118 palmis
953 2035 1160 2101 dactalorum.
1207 2036 1288 2101 Dein

102 2164 125 2206 ro
140 2142 283 2207 uenimus
307 2143 450 2228 partibus
475 2142 585 2225 Syriae
607 2143 640 2206 in
663 2142 770 2206 insula
794 2140 973 2207 Santnritus
998 2141 1037 2206 ad
1055 2142 1175 2207 Tirum.

181 2250 269 2315 Tunc
289 2250 436 2315 uenimus
454 2249 671 2327 Tholomaida,
696 2250 828 2315 ciuitate
848 2252 967 2325 onesta,
987 2248 1178 2313 monasteria
1196 2247 1289 2313 bona.
1308 2255 1328 2317 2
1344 2254 1363 2317 b

181 2356 390 2421 'lholomaida
416 2360 579 2439 pormanet
606 2360 714 2421 eontra
743 2354 908 2420 ciuitatem
931 2354 1021 2419 milia
1048 2374 1101 2420 ser
1124 2355 1156 2419 in
1186 2358 1328 2425 cast1a3

141 2461 417 2541 Samaritanorum,
437 2462 573 2529 miliario
589 2482 607 2527 a
622 2462 805 2547 Sugamina.
827 2461 892 2527 Sub
908 2463 1015 2526 monte
1031 2460 1174 2527 Cermalo
1194 2480 1290 2544 super

140 2567 208 2650 ipsa
238 2572 343 2634 castra
374 2568 510 2634 miliario
544 2569 641 2635 semis
669 2568 899 2634 monasterium
927 2568 1077 2651 Helysaei
1104 2566 1287 2652 prophetae,

101 2696 125 2737 ra
139 2676 192 2739 nbi
221 2676 250 2739 ei
279 2675 415 2741 occurrit
440 2676 567 2755 mulier,
591 2678 684 2742 cuius
708 2677 810 2740 filium
835 2676 1008 2741 suscitauit
1030 2675 1061 2739 in
1086 2678 1193 2739 monte
1217 2673 1289 2740 Car-

139 2783 230 2849 melo.
270 2783 383 2865 Ibique
416 2786 467 2848 est
493 2790 582 2867 petra
609 2784 743 2860 modica,
772 2782 922 2858 rotunda;
952 2782 1076 2865 quando
1102 2782 1289 2865 exagitatur,

140 2892 238 2967 sonat,
264 2890 338 2970 quia
367 2889 469 2954 solida
497 2894 556 2955 est.
594 2890 681 2955 Talis
710 2894 816 2953 autern
846 2892 895 2953 est
922 2888 1026 2953 uirtus
1054 2893 1162 2970 petrae
1190 2886 1289 2963 illius,

140 2998 183 3073 ut,
207 2996 234 3059 si
264 3014 421 3078 suspensa
447 2996 544 3061 fuerit
566 2996 693 3061 mulieri
716 2996 769 3060 uel
794 2994 984 3079 cuicumque
1007 2994 1146 3073 animali,
1169 2994 1289 3059 iactum

140 3119 310 3184 numquam
333 3102 440 3181 faciet,
465 3106 497 3167 et
519 3122 538 3167 a
560 3103 692 3168 ciuitate
716 3123 770 3168 aex
794 3104 850 3167 aut
873 3106 996 3184 septem
1020 3099 1108 3164 milia
1130 3104 1288 3183 personat.

101 3230 125 3268 ao
182 3207 229 3272 De
244 3207 451 3274 'lholomoide
469 3209 630 3273 maritima
647 3210 794 3273 uenimus
814 3210 845 3273 in
865 3208 981 3273 finibus
998 3206 1139 3272 Galileae
1157 3205 1190 3269 in
1211 3204 1289 3270 ciui·
1308 3207 1328 3268 4

139 3315 248 3388 tatem,
273 3334 352 3396 quae
376 3318 509 3379 uocatur
531 3314 737 3381 Neoeesarea.
757 3314 793 3377 In
819 3334 881 3395 qua
904 3312 1107 3377 adorauimus
1131 3312 1235 3376 amolo
1258 3314 1290 3375 et

140 3420 346 3486 conestellum
375 3425 502 3486 sanotae
529 3421 660 3485 Mariae.
699 3422 735 3485 Iu
764 3440 826 3503 quo
854 3422 924 3485 loco
954 3423 1021 3482 erat
1049 3417 1205 3497 cathedra,
1234 3418 1290 3481 ubi

177 3626 288 3681 Titulus
305 3626 378 3682 decet
395 3627 423 3681 Β
512 3629 702 3683 (icanatorum
720 3642 772 3681 om.
791 3627 819 3680 Β
904 3625 1172 3697 inonstantinopoli
1191 3625 1243 3681 litt.
1263 3642 1289 3679 m

139 3731 220 3772 crura
238 3715 281 3768 Br
357 3715 474 3771 insulam
493 3732 604 3785 cyprum
623 3716 651 3769 Β
710 3716 887 3769 dciuilatcm
907 3716 1108 3769 constantinam
1126 3716 1154 3769 Β
1227 3732 1289 3785 apy-

139 3803 255 3874 phanins
273 3804 317 3857 Br
359 3804 489 3874 9pnlcra
508 3804 640 3858 deliciosa
656 3805 684 3857 Β
738 3804 901 3857 dactilarum
920 3804 946 3857 Β
1002 3802 1110 3857 Deinde
1129 3804 1156 3857 Β
1209 3802 1241 3857 10
1261 3804 1290 3857 in

140 3896 229 3962 partes
248 3893 329 3948 siriae
347 3894 375 3947 Β
452 3895 481 3949 iu
501 3894 618 3948 insulam
636 3894 664 3946 Β
748 3896 839 3963 tyrum
857 3893 885 3945 Β
978 3894 1007 3946 11
1029 3890 1243 3963 ptholomaidem
1262 3891 1291 3945 Β

140 3982 280 4037 ciuitatem
298 3982 441 4036 honestam
460 3986 488 4037 et
506 3983 534 4035 Β
625 3984 657 4036 12
677 3980 865 4051 ptholomaida
882 3984 976 4036 manet
993 3982 1021 4035 Β
1127 3980 1245 4035 miliaria
1262 3982 1290 4035 Β

141 4071 276 4127 castriaB
326 4072 360 4125 13
380 4070 571 4126 carmelllloB
621 4071 655 4124 14
673 4072 761 4139 ipsum
781 4071 942 4124 oastruan
1014 4069 1140 4139 clyseiB
1192 4070 1224 4122 15
1245 4086 1290 4123 oc-

141 4160 224 4216 currit
242 4160 268 4213 ci
286 4160 314 4213 Β
406 4161 439 4215 16
459 4164 501 4214 est
520 4176 571 4213 om.
589 4158 617 4213 B
721 4162 753 4213 17
772 4160 860 4212 uirtus
880 4162 923 4213 est
941 4159 969 4212 Β
1059 4158 1092 4212 18
1111 4174 1244 4227 supensus
1263 4156 1290 4209 Β

141 4248 232 4302 antB
301 4250 339 4303 ‚19
358 4248 466 4302 milaria
484 4249 512 4302 Β
583 4248 618 4303 20
636 4248 825 4318 ptholomaida
842 4248 870 4300 Β
942 4250 1009 4301 linea
1027 4248 1055 4301 Β
1127 4248 1159 4301 21
1180 4260 1289 4301 neoces-

143 4354 218 4392 carea
234 4338 263 4391 Β
334 4338 425 4391 amula
443 4338 471 4391 B
525 4338 560 4391 22
580 4336 752 4392 canistellum
771 4338 799 4391 Β

1205 4440 1253 4494 13*
