3125 4942
449 430 475 483 S.
505 431 660 485 Siluiae
688 430 971 501 peregrinatio
1244 433 1283 495 91

133 626 187 703 ibi,
215 646 296 709 quae
321 627 559 691 consuetudinis
589 630 638 691 est
666 628 760 693 etiam
786 632 1010 711 sterpetum,
1034 628 1174 692 etfacta
1203 626 1288 692 obla·

133 733 219 799 tione
252 733 290 798 fit
321 734 430 799 missa.
473 736 514 799 Et
540 737 614 817 post
641 735 726 800 facta
752 734 853 800 missa
879 736 1065 821 uigiliarum
1092 735 1125 799 in
1153 734 1289 799 ecclesia

133 840 254 905 maiore
283 840 392 905 statim
421 860 494 905 cum
523 841 628 925 ymnis
653 842 781 906 uehitur
811 842 850 905 ed
877 843 1034 909 Anastase
1061 842 1162 907 stibi
1186 842 1287 906 denuo

132 947 253 1031 legitur
274 947 329 1011 ille
352 947 443 1013 locus
468 948 627 1033 euangelii
649 949 902 1023 resurrectionis,
934 949 972 1013 fic
999 949 1098 1014 oratio
1127 952 1159 1013 01
1186 948 1289 1014 denuo

106 1051 180 1117 1111
209 1052 321 1118 offeret
348 1054 530 1136 episcopum
566 1054 622 1119 sed
653 1058 758 1120 totum
791 1055 831 1121 ad
862 1060 1060 1121 momentum
1093 1055 1130 1119 111
1161 1059 1291 1139 propt-er

134 1160 302 1241 populum,
329 1180 369 1224 ne
397 1160 518 1225 diutius
542 1162 695 1239 tardetur,
724 1166 756 1227 et
779 1163 825 1227 sic
848 1163 912 1227 iam
936 1162 1116 1227 dimittetur
1138 1162 1287 1245 populus.

136 1266 181 1330 Ea
214 1272 323 1331 autem
356 1267 434 1332 hora
464 1266 501 1333 fit
532 1269 631 1333 missa
659 1268 844 1353 uigiliarum
871 1269 941 1352 ipsa
970 1268 1031 1346 die,
1064 1287 1126 1351 qua
1153 1268 1231 1333 hora
1259 1274 1290 1333 et

136 1378 214 1456 aput
237 1394 306 1441 nos.

181 1480 258 1545 Sero
293 1484 399 1547 autem
431 1482 480 1547 illi
513 1482 580 1549 dies
616 1484 785 1565 paschales
818 1484 864 1549 sic
896 1482 1104 1548 attenduntur
1142 1474 1344 1565 quemad-39

96 1613 119 1651 m
136 1587 268 1652 modum
297 1592 330 1653 et
357 1589 398 1653 ad
425 1608 482 1653 nos
511 1594 543 1655 et
570 1590 677 1655 ordine
706 1609 764 1655 suo
792 1590 873 1655 fiunt
902 1590 1020 1655 missae
1047 1610 1103 1673 per
1126 1592 1198 1655 octo
1222 1588 1290 1653 dies

137 1695 315 1776 paschales,
345 1695 430 1759 sicut
457 1699 489 1759 et
517 1697 634 1779 ubique
663 1696 700 1761 fit
727 1716 784 1780 per
810 1697 928 1779 pascha
954 1716 1057 1778 usque
1085 1696 1126 1760 ad
1149 1699 1290 1761 octauas.

136 1801 198 1865 Hic
227 1804 337 1865 autem
363 1803 433 1886 ipse
462 1806 590 1869 ornatus
619 1808 669 1870 est
696 1809 729 1868 et
760 1806 830 1886 ipsa
857 1803 1046 1886 compositio
1075 1806 1108 1868 et
1134 1823 1190 1886 per
1219 1807 1290 1867 0010

137 1907 205 1973 dies
228 1910 378 1991 paschae,
407 1930 487 1993 quae
512 1916 543 1976 et
570 1931 626 1995 per
653 1911 829 1994 epiphania,
857 1914 923 1975 tam
951 1912 983 1974 in
1012 1910 1147 1975 ecclesia
1172 1910 1292 1974 maiore

138 2035 233 2097 quam
264 2016 303 2079 ad
330 2018 485 2082 Anastase
514 2022 569 2082 aut
597 2017 635 2082 ad
660 2018 794 2084 Crucem
816 2019 870 2082 uel
890 2017 895 2102 Ι
916 2018 947 2082 111
971 2018 1099 2094 Eleous,
1124 2015 1181 2081 sed
1205 2018 1238 2080 et
1259 2015 1291 2080 iu
1347 2014 1416 2103 [da]

97 2144 121 2185 c
136 2122 306 2186 Bethleem
338 2144 396 2189 nec
428 2144 489 2188 nou
522 2124 617 2189 etiam
648 2125 681 2189 in
709 2125 841 2189 Laacriu
874 2124 927 2189 uel
958 2124 1088 2206 ubique,
1121 2123 1197 2205 quia
1223 2121 1291 2188 dies

137 2230 307 2311 paschales
332 2234 417 2295 sunt.
449 2231 932 2315 Proceditu1·antem·ipsadie
957 2230 1114 2295 dominica
1135 2228 1239 2312 prima
1260 2229 1292 2293 in
1325 2224 1345 2285 2

139 2338 278 2401 ecclesia
311 2338 439 2416 maiore,
473 2338 505 2402 id
539 2342 589 2403 est
620 2338 659 2403 ad
686 2338 886 2419 Mammium,
920 2342 953 2403 et
984 2337 1124 2403 secunda
1154 2336 1233 2401 seria
1261 2340 1294 2400 et

138 2444 235 2509 tertia
260 2444 345 2523 feria,
370 2445 425 2508 ubi
448 2445 494 2509 ita
516 2448 632 2522 tamen,
657 2448 694 2511 ut
717 2464 843 2529 semper
863 2445 964 2509 missa
980 2445 1065 2509 facta
1084 2443 1122 2507 do
1139 2443 1292 2526 Martyrio

139 2550 179 2615 ad
211 2550 370 2616 Anastasc
402 2552 551 2615 1101110101
583 2572 654 2617 cum
687 2552 801 2633 ymnis.
850 2550 970 2630 Quarta
1000 2550 1080 2615 feria
1116 2554 1224 2615 autem
1261 2549 1292 2613 in

98 2681 122 2721 20
138 2658 262 2723 Eleona
294 2658 484 2740 proceditur,
518 2659 628 2742 quinta
660 2659 738 2723 feria
770 2658 811 2723 ad
837 2659 1004 2735 Anastase
1038 2660 1126 2722 serta
1152 2656 1230 2721 feria
1260 2656 1292 2721 in

140 2764 238 2847 Syon‚
264 2765 396 2830 sabbato
420 2766 800 2843 0111001000,11011110100
823 2770 929 2831 cutem
954 2765 1015 2840 die,
1038 2763 1071 2828 id
1091 2763 1293 2840 0110010011,

140 2872 247 2937 denuo
276 2872 307 2936 in
331 2873 466 2938 ecclesia
489 2873 617 2950 maiore,
644 2872 678 2936 id
702 2878 752 2937 est
775 2872 815 2937 ad
838 2872 1037 2955 Martyrium.
1077 2871 1163 2953 Ipsis
1187 2873 1294 2935 autem
1326 2864 1346 2927 3

140 2982 214 3043 octo
241 2978 353 3043 diebus
377 2980 581 3062 paschalibus
605 2978 720 3045 cotidie
744 2981 818 3063 post
839 2978 1006 3061 prandium
1032 2977 1200 3060 episcopus
1221 2995 1294 3040 cum

141 3086 230 3150 omni
256 3088 338 3150 clero
363 3090 396 3151 et
415 3086 561 3151 omnibus
585 3086 768 3161 infantibus
787 3085 821 3150 id
840 3089 891 3150 est
909 3086 964 3167 qui
981 3083 1148 3167 baptidiati
1166 3083 1294 3159 fuerint,

97 3217 121 3255 11
140 3198 172 3258 01
188 3193 349 3271 omnibus,
365 3193 420 3276 qui
439 3193 633 3275 apotactitae
653 3196 728 3257 sunt
746 3193 807 3257 uiri
826 3212 863 3257 ac
882 3192 1026 3268 feminae,
1041 3210 1100 3255 nec
1118 3210 1179 3254 non
1198 3190 1295 3254 etiam

139 3304 171 3365 et
200 3300 242 3363 de
276 3300 366 3383 plebe
401 3301 511 3383 quenti
542 3301 666 3378 uolunt,
699 3300 730 3363 in
759 3300 880 3364 Eleous
912 3299 1091 3363 ascendent
1137 3296 1296 3361 Dicuntur

139 3406 241 3489 ymni,
270 3406 351 3471 fiunt
374 3409 531 3473 orationes
555 3408 676 3472 tamin
700 3406 847 3485 ecclesia,
875 3406 1010 3488 quaein
1034 3405 1154 3468 Eleous
1177 3407 1236 3479 est,
1263 3402 1295 3466 in

140 3535 204 3597 qua
229 3517 281 3579 est
304 3514 464 3596 spelunca,
488 3515 520 3578 in
545 3534 606 3598 qua
629 3514 763 3579 docebat
785 3515 877 3579 Iesos
901 3511 1086 3594 discipulos,
1109 3514 1174 3575 tam
1199 3509 1295 3573 etiam

139 3621 170 3685 in
195 3621 375 3699 Imbomon‚
399 3622 432 3685 id
455 3625 506 3686 est
527 3621 559 3685 in
588 3640 623 3685 eo
652 3623 734 3698 loco,
760 3619 799 3685 de
828 3638 889 3702 quo
913 3618 1069 3683 Dominus
1097 3615 1241 3681 ascendit
1262 3615 1294 3680 in

96 3754 120 3793 10
139 3728 251 3793 caelis.
294 3728 334 3793 111
366 3732 574 3811 posteaquam
603 3727 680 3793 dicti
713 3727 832 3793 fuerint
862 3725 978 3809 psalmi
1017 3728 1049 3789 et
1081 3724 1179 3789 oratio
1211 3722 1297 3787 facta
1328 3718 1348 3779 4

136 3836 248 3913 fuerit,
276 3834 350 3899 inde
378 3854 481 3917 usque
511 3834 549 3899 ad
572 3834 728 3900 Anastase
757 3852 831 3899 cum
858 3832 963 3915 ymnis
991 3830 1193 3896 descenditur
1219 3828 1297 3893 hora

136 3944 302 4017 111001110ος
327 3942 387 4005 hoc
410 3960 467 4024 per·
488 3944 573 4007 totos
606 3942 676 4005 octo
701 3940 769 4004 dies
793 3938 839 4004 fit.
873 3938 954 4004 Sene
978 3935 1137 4001 dominica
1160 3934 1211 3999 die
1242 3953 1297 4018 per

174 4169 317 4237 3denuo]
338 4168 445 4221 demum
466 4166 643 4221 Chotodninl·
724 4166 831 4233 9sero]
851 4181 896 4217 sex
918 4161 1093 4217 Glmlodniolc
1166 4161 1198 4215 15
1219 4160 1295 4230 quia]

137 4278 196 4331 qua
218 4256 398 4313 Cholodniat·
494 4256 527 4311 18
546 4256 587 4309 ita
605 4255 675 4309 delet
697 4254 851 4323 Woelfflin,
869 4253 973 4306 Archiv
986 4253 1012 4319 f.
1032 4251 1082 4306 101.
1103 4250 1170 4304 Len.
1186 4267 1217 4318 p.
1237 4253 1297 4303 273

142 4352 177 4405 20
198 4350 280 4403 eleon
301 4350 327 4403 A
383 4348 417 4401 25
437 4348 503 4417 aput
521 4347 621 4401 notitae
641 4346 668 4399 Α
721 4344 757 4397 32
776 4343 909 4397 lucemari
930 4341 1106 4395 Cholodnich
