3125 4942
261 466 323 527 118
557 460 712 514 Itinera
739 458 1111 528 Hierosolymitana

260 656 314 740 qui
333 655 449 720 dieitur
467 654 639 727 Arandaraz
664 652 824 718 Arandara
841 657 949 718 autem
968 658 1018 716 est
1034 653 1136 732 locus,
1156 654 1210 736 qui
1229 654 1408 735 appellatas

260 768 310 827 est
331 762 448 827 Helim.
486 762 535 825 Ibi
562 760 680 825 fluuius
709 761 818 835 currit,
847 761 902 842 qui
923 764 1029 823 tamen
1053 760 1196 843 tempore
1220 760 1325 841 aliquo
1349 760 1407 824 sic·

261 874 360 946 catur,
386 868 441 933 sed
464 888 520 951 per
537 868 639 951 ipsius
659 867 786 931 alueum
806 866 875 931 sius
897 866 987 930 iuxta
1004 866 1104 949 ripam
1124 868 1226 949 ipsius
1244 867 1409 931 inueniun-

261 980 314 1039 tur
346 993 456 1057 aquae.
489 974 596 1037 Herba
627 992 701 1037 uero
734 972 801 1037 illic
834 972 913 1037 satis
945 972 1119 1050 habundat,
1147 968 1274 1037 arbores
1301 978 1408 1036 autem

260 1082 436 1165 palmarum
459 1080 526 1145 illic
550 1079 704 1163 plurimae
729 1083 816 1145 sunt.
846 1080 874 1144 A
898 1080 1035 1144 transitu
1060 1082 1168 1143 antem
1190 1080 1286 1145 maris
1309 1078 1408 1153 rubri,
1439 1106 1451 1145 6

261 1186 295 1251 id
329 1190 379 1251 est
412 1186 481 1263 Sur,
515 1205 574 1251 non
612 1184 775 1249 inuenitur
806 1190 873 1250 tam
910 1202 1060 1249 amoenus
1092 1185 1183 1249 locus
1216 1204 1290 1249 cum
1321 1189 1410 1249 tanta

262 1292 374 1357 attali
398 1310 479 1373 aqua
502 1294 534 1355 61
555 1294 621 1355 tam
645 1290 847 1356 habundante
870 1290 933 1354 nisi
954 1289 1065 1355 istum.
1106 1288 1184 1355 Inde
1207 1309 1282 1373 ergo
1305 1289 1411 1355 media

262 1398 383 1463 mansio
406 1398 493 1461 iuxta
515 1416 600 1461 marc
624 1399 682 1461 cst.

308 1504 443 1568 Demum
459 1522 533 1567 uero
550 1506 699 1587 apparent
718 1502 779 1568 duo
796 1507 918 1567 montes
934 1502 1048 1567 excelsi
1067 1502 1170 1576 ualde,
1190 1523 1208 1566 a
1225 1506 1314 1585 parte
1331 1520 1409 1567 nero

263 1610 400 1687 sinistra,
412 1614 578 1692 antequam
595 1610 633 1674 ad
647 1614 770 1674 montes
786 1610 905 1684 uenias,
915 1608 1006 1674 locus
1022 1611 1081 1687 661,
1092 1608 1147 1673 ubi
1161 1608 1409 1692 pluitDominus
1429 1630 1454 1671 n

263 1735 376 1780 manna
403 1715 477 1781 filiis
504 1716 638 1793 Israhe13
662 1720 787 1780 montes
811 1734 886 1781 uero
910 1716 972 1798 ipsi
996 1715 1111 1780 excelsi
1135 1721 1168 1780 61
1195 1714 1293 1779 erecti
1315 1714 1410 1778 ualde

264 1826 349 1888 sunt.
373 1823 421 1887 Ab
445 1822 507 1887 alia
529 1842 604 1887 uero
628 1828 717 1907 parte
740 1823 898 1887 montium
922 1822 1017 1887 uallis
1040 1822 1226 1905 planissima
1249 1824 1299 1886 est
1321 1840 1359 1885 ac
1382 1820 1410 1885 si

147 1970 153 1987 .
263 1930 415 2011 porticus,
440 1927 592 1995 ducentos
616 1948 731 2013 passus
755 1928 851 1993 uallis
873 1930 944 2010 ipsa
964 1930 998 1993 in
1020 1929 1189 1993 latitudine
1207 1929 1337 1994 hahens,
1361 1928 1410 1992 Ab

264 2039 399 2118 utroque
423 2040 530 2100 antem
553 2038 651 2100 latere
673 2036 769 2101 uallis
792 2041 918 2101 montes
940 2036 1003 2117 ipsi
1024 2034 1140 2099 excelsi
1159 2039 1191 2099 et
1210 2036 1307 2099 erecti
1325 2040 1410 2100 sunt.

265 2140 328 2206 Ubi
351 2146 456 2205 autem
481 2144 604 2207 montes
630 2143 729 2225 aperti
753 2146 837 2219 sunt,
859 2146 909 2206 est
926 2142 1022 2207 uallis
1041 2161 1095 2206 sex
1113 2142 1244 2206 milibus
1263 2142 1411 2224 passibus
1431 2165 1456 2206 rs

263 2246 338 2325 lata,
366 2248 575 2332 longitudinis
604 2254 711 2313 autem
740 2248 818 2313 satis
846 2249 919 2330 plus
948 2248 1053 2312 habet.
1095 2248 1222 2313 Montes
1250 2267 1327 2313 uero
1350 2249 1411 2313 toti

265 2372 320 2437 per
338 2354 441 2437 girum
461 2355 604 2419 excauati
623 2359 707 2429 sunt,
726 2356 834 2420 taliter
853 2360 959 2419 autem
978 2355 1079 2419 factae
1099 2359 1174 2419 sunt
1193 2356 1311 2436 criptae
1325 2354 1411 2432 illae,

265 2462 311 2538 ut,
344 2460 372 2523 si
404 2460 597 2543 suspendere
629 2462 770 2527 uolueris
803 2462 885 2539 uela,
914 2462 1062 2526 cubicula
1092 2461 1305 2542 pulcherrima
1332 2462 1411 2536 sint;

264 2566 512 2649 unumquodque
526 2572 632 2632 autem
648 2567 830 2633 cubiculum
846 2569 895 2633 est
913 2567 1106 2649 descriptum
1124 2566 1240 2633 litteris
1259 2567 1412 2633 hebraeis.

265 2675 375 2755 Aquae
399 2674 494 2738 etiam
521 2674 566 2738 ibi
588 2674 688 2739 honae
712 2678 745 2739 et
767 2674 987 2739 habundantes
1010 2674 1088 2739 satis
1111 2674 1144 2737 in
1167 2679 1305 2738 extrema
1328 2675 1412 2738 uallo
1430 2698 1456 2738 a

267 2782 351 2856 sant,
385 2779 440 2844 sed
474 2800 535 2845 non
568 2782 677 2863 quales
709 2782 741 2845 in
769 2781 887 2845 Helim.
934 2781 1037 2845 Locus
1069 2798 1145 2845 uero
1177 2781 1247 2862 ipse
1277 2784 1415 2845 uocatur

267 2885 410 2950 desertus
432 2886 567 2965 Pharan,
595 2887 678 2951 arnde
705 2888 797 2952 missi
825 2891 901 2952 sunt
927 2889 1139 2970 exploratores
1167 2886 1329 2969 aMoym,
1358 2888 1415 2969 qui

267 2990 501 3057 considerarent
535 2998 663 3069 terram3
703 2995 741 3058 ab
775 2994 920 3076 utrisque
953 3014 1027 3058 uero
1060 2994 1204 3077 partibus
1235 2994 1326 3058 locus
1358 2994 1415 3057 ille

267 3098 408 3162 munitus
438 3112 488 3163 661
515 3100 687 3165 montibus.
729 3100 800 3165 Non
827 3100 889 3165 fert
916 3104 1023 3165 autem
1049 3100 1141 3166 locus
1163 3099 1218 3164 ille
1241 3118 1334 3185 agros
1357 3104 1416 3165 aut

266 3202 375 3268 uineas
394 3204 555 3288 nichilque
574 3206 661 3271 aliud
677 3206 744 3271 illic
767 3210 817 3271 est
839 3207 899 3272 nisi
923 3226 1006 3290 aqua
1029 3210 1061 3271 et
1079 3208 1205 3271 arbores
1224 3207 1414 3287 palmarum.
1431 3232 1459 3273 ss
1553 3235 1555 3290 q

312 3308 413 3393 Prope
446 3330 521 3377 uero
555 3314 594 3377 ad
626 3314 733 3377 uicum
757 3313 868 3378 Faram
902 3314 941 3377 ad
973 3314 1060 3378 mille
1084 3314 1275 3397 quingentos
1298 3332 1415 3395 passus

268 3420 516 3500 coangustantur
541 3422 666 3485 montes
693 3420 751 3499 illi,
784 3423 822 3484 ut
848 3420 901 3484 uix
927 3420 1061 3503 triginta
1090 3421 1239 3502 passibus
1271 3419 1337 3483 lata
1368 3420 1415 3484 ibi

268 3522 312 3586 sit
333 3523 427 3588 uallis
449 3524 513 3590 illa.
540 3524 589 3589 Ibi
613 3526 790 3609 appellatur
810 3527 900 3591 locus
923 3526 978 3591 illc
1000 3526 1168 3609 Raphidin‚
1186 3526 1242 3589 ubi
1260 3525 1415 3590 Amalech

270 3630 406 3693 occurrit
433 3630 507 3695 filiis
531 3632 660 3710 israhel,
690 3634 722 3697 et
749 3633 804 3697 uhi
832 3634 1044 3697 murmurabit
1070 3633 1209 3714 populna
1236 3650 1292 3713 pro
1321 3650 1414 3714 aqua,

269 3738 301 3798 et
323 3736 379 3800 ubi
400 3737 505 3805 Iethro
529 3758 618 3804 socer
641 3738 745 3823 Moysi
769 3739 798 3803 ei
822 3740 968 3804 occurrit.
995 3740 1100 3804 Locus
1124 3758 1210 3816 uero,
1234 3738 1289 3802 uhi
1312 3738 1417 3803 orauit
1433 3766 1461 3807 ao

268 3840 408 3925 Moyses,
445 3846 568 3927 quando
599 3847 691 3911 Iesus
724 3846 918 3929 expugnauit
947 3846 1111 3922 Amalech,
1147 3863 1239 3910 mons
1271 3845 1415 3909 excelsus

271 3958 320 4014 est
342 3950 435 4015 ualde
460 3956 492 4017 ct
515 3956 648 4030 erectus,
672 3954 840 4017 imminens
860 3971 957 4037 super
973 3952 1088 4029 Faran3
1112 3951 1168 4016 ubi
1187 3954 1293 4015 autam
1313 3951 1416 4015 orauit

270 4056 408 4141 Alopece,
428 4060 563 4124 ecclesia
581 4079 664 4125 nunc
680 4064 863 4126 constructa
878 4064 936 4125 est.
960 4060 1063 4124 Locus
1083 4062 1190 4123 autem
1208 4057 1288 4140 ipse,
1308 4076 1416 4140 quem-

309 4268 341 4323 10
360 4270 403 4323 est
421 4282 471 4321 om.
494 4268 660 4323 Garrraroini
770 4270 805 4323 22
824 4268 932 4323 Pharon
950 4266 1042 4322 Riaat
1060 4283 1120 4321 crem
1138 4266 1238 4330 codice,
1256 4271 1288 4319 at
1304 4266 1417 4321 uidetur

272 4358 306 4412 28
325 4356 454 4411 Amalech
472 4357 562 4411 Riant
581 4356 728 4411 Harnaleclr
750 4358 917 4413 Gamarn'ni
