3125 4942
270 480 334 545 100
579 476 738 531 Itinera
765 477 1140 546 Hierosolymitana

213 683 259 751 48
312 674 394 739 Item
423 674 491 737 dies
520 672 719 739 enceniorum
748 674 958 755 appellantur,
988 673 1112 756 quando
1141 675 1250 739 sancta
1273 673 1422 749 ecclesia,

269 800 349 862 quae
372 780 403 843 in
425 778 586 864 Golgotha
609 782 668 860 est,
694 798 788 861 quam
807 778 995 863 Martyrium
1018 782 1144 855 uocant,
1168 784 1353 844 consecrata
1371 784 1425 844 est

268 888 351 963 De0;
381 886 436 951 sed
460 889 492 951 et
515 888 626 951 sancta
649 886 794 963 ecclesia,
823 904 903 968 quae
927 889 978 949 est
1001 884 1041 950 ad
1062 886 1229 963 Anastase‚
1257 886 1292 950 id
1315 886 1424 950 estin

270 1012 306 1058 eo
324 992 406 1070 loco,
430 991 487 1058 ubi
504 992 660 1057 Dominus
679 992 849 1057 resurrexit
866 998 941 1074 post
959 990 1150 1073 passionem,
1175 1011 1211 1057 ea
1229 991 1279 1057 die
1299 994 1332 1056 ct
1349 992 1426 1074 ipsa

270 1102 453 1165 consecrata
467 1102 516 1163 ast
528 1100 607 1164 Deo.
631 1100 754 1164 Hamm
774 1118 848 1183 ergo
868 1099 1074 1165 ecclesiamm
1093 1102 1273 1165 sanctarum
1291 1099 1426 1165 encenia
1455 1124 1470 1163 o

270 1226 343 1271 cum
367 1224 491 1271 summo
512 1207 628 1271 honore
648 1206 858 1284 celebrantur,
883 1206 1034 1288 quoniam
1052 1226 1126 1271 crux
1144 1205 1274 1272 Domini
1291 1206 1427 1271 inuenta

239 1311 320 1378 2est
352 1314 422 1396 ipsa
455 1312 513 1377 die.
560 1312 602 1377 Et
633 1313 704 1377 ideo
737 1316 867 1396 propter
899 1314 959 1378 hoc
990 1313 1037 1378 ita
1069 1313 1248 1378 ordinatum
1285 1316 1347 1389 ast,
1386 1316 1428 1377 ut

270 1420 394 1504 quando
417 1419 555 1503 primum
574 1423 701 1484 sanctae
721 1421 874 1485 ecclesiae
894 1420 1126 1504 suprascriptae
1145 1420 1426 1494 consecrabantur,

270 1546 307 1592 ea
330 1526 397 1591 dies
416 1529 511 1603 esset,
536 1546 598 1609 qua
620 1545 695 1591 cnm
713 1526 842 1591 Domini
865 1527 969 1593 fuerat
991 1528 1130 1603 inuenta,
1155 1530 1192 1591 ut
1215 1526 1310 1592 simul
1336 1526 1427 1591 omni

268 1633 393 1699 laetitia
410 1633 519 1698 eadem
539 1633 590 1698 die
609 1634 850 1699 celebrarentur.
875 1635 917 1699 Et
939 1636 999 1701 hoo
1021 1655 1078 1718 per
1100 1634 1274 1718 scripturas
1294 1636 1427 1699 sanctas
1446 1658 1475 1697 ιο

269 1740 439 1818 inuenitur,
470 1740 553 1822 quod
582 1759 619 1805 ea
642 1740 708 1805 dies
734 1742 777 1805 sit
800 1742 1011 1819 enceniorum,
1041 1760 1103 1824 qua
1126 1745 1158 1806 et
1180 1745 1309 1806 sanctus
1335 1740 1428 1806 Salo·

270 1867 343 1912 mon
366 1850 586 1911 consummata
608 1847 702 1912 domo
728 1848 800 1926 Dei,
825 1868 919 1932 quam
944 1847 1176 1924 aedificauerat,
1201 1848 1328 1912 steterit
1350 1854 1429 1913 ante

271 1953 418 2018 altarium
446 1952 507 2017 Dei
531 1956 564 2016 et
591 1954 737 2032 orauerit,
763 1954 849 2019 sicut
877 1954 1032 2037 scriptum
1061 1956 1111 2018 est
1132 1954 1164 2018 in
1187 1954 1278 2019 libris
1301 1954 1429 2018 Parali-

269 2078 434 2143 pomcnon.

217 2169 261 2235 49
314 2166 358 2231 Hi
381 2185 456 2249 ergo
480 2166 548 2232 dies
572 2167 771 2231 enceniarum
801 2186 875 2232 cum
902 2167 1057 2244 uenerint,
1081 2170 1151 2232 octo
1180 2166 1292 2231 diebus
1320 2169 1430 2233 atten-
1450 2192 1478 2233 rs

271 2273 403 2348 duntur3
427 2291 498 2337 nam
519 2276 590 2337 ante
613 2274 768 2356 plurimos
789 2273 856 2339 dies
879 2274 1037 2358 incipiunt
1059 2292 1093 2338 se
1112 2274 1252 2357 undique
1271 2273 1430 2358 colligere

270 2381 380 2445 turbas
412 2398 473 2444 non
503 2380 607 2444 solum
639 2380 865 2445 monachorum
893 2381 947 2445 uel
973 2381 1186 2463 aputactitum
1214 2380 1253 2445 de
1285 2380 1430 2446 diuersis

270 2486 453 2569 prouinciis,
492 2486 524 2550 id
558 2489 607 2552 est
638 2488 702 2551 tam
737 2486 776 2551 ds
814 2487 1048 2571 Mesopotamia
1078 2488 1132 2551 uel
1165 2486 1256 2570 Syria
1295 2486 1350 2551 uel
1388 2488 1429 2553 de

270 2594 394 2677 Egypto
419 2597 475 2657 aut
493 2592 663 2670 Thebaida,
688 2594 742 2657 ubi
767 2594 897 2677 plurimi
919 2597 1123 2659 monazontes
1147 2596 1231 2669 sunt,
1255 2592 1312 2659 sed
1331 2597 1367 2659 et
1387 2596 1431 2660 ds

271 2699 407 2764 diuersis
436 2700 584 2765 omnibus
615 2700 694 2765 locis
724 2702 777 2765 uel
804 2700 992 2784 prouinciis;
1025 2700 1132 2766 nullus
1161 2704 1212 2765 est
1239 2700 1333 2779 enim,
1369 2704 1433 2785 qui
1450 2726 1481 2767 ao

271 2826 332 2871 non
352 2826 385 2872 se
406 2806 514 2872 eadem
534 2806 584 2871 dis
605 2806 638 2871 in
660 2808 850 2872 lsrusolima
872 2807 981 2871 tendat
1004 2807 1044 2872 ad
1066 2810 1186 2871 tantam
1208 2806 1369 2872 laetitiam
1396 2814 1433 2875 et

270 2916 336 2977 tam
359 2912 558 2977 honorabiles
578 2912 661 2989 dies;
683 2914 860 2978 saeculares
880 2917 987 2978 autem
1006 2917 1072 2978 tam
1090 2914 1152 2977 uiri
1171 2934 1265 2996 qnam
1284 2914 1432 2981 feminae
1522 2917 1525 2921 ’

271 3018 357 3083 fideli
386 3020 489 3083 animo
517 3023 645 3102 propter
674 3020 756 3083 diem
787 3024 933 3085 sanctum
964 3020 1111 3085 similiter
1143 3040 1178 3085 ss
1206 3020 1244 3085 de
1273 3020 1431 3088 omnibus

242 3126 442 3209 2prouinoiis
466 3125 568 3191 isdem
592 3125 703 3191 diebus
726 3125 916 3189 Ierusolima
939 3125 1103 3209 eolligunt.
1130 3125 1280 3208 Episcopi
1302 3129 1432 3207 autom,

272 3231 396 3314 quando
425 3232 515 3316 pami
542 3233 670 3309 fuerint,
699 3232 825 3297 hisdem
849 3231 960 3296 diebus
983 3232 1171 3296 lerusolima
1193 3232 1266 3314 plus
1290 3232 1432 3315 quadra·
1452 3264 1481 3305 2⁶

273 3338 361 3423 ginta
379 3343 436 3403 aut
454 3339 684 3423 quinquaginta
704 3342 794 3415 sunt;
819 3343 942 3403 etcum
966 3337 1031 3403 illis
1050 3338 1185 3402 ueniunt
1201 3338 1295 3403 multi
1314 3339 1434 3407 clerici

273 3446 333 3511 sui.
374 3446 416 3511 Et
439 3445 515 3528 quid
541 3448 654 3529 plura?
677 3449 771 3529 putat
795 3464 828 3511 se
851 3447 1022 3509 marimum
1050 3448 1216 3527 peceatum
1239 3445 1431 3528 incurrisse,
1555 3451 1556 3522 1

273 3552 386 3634 quiin
414 3551 537 3616 hisdem
567 3552 677 3617 diebus
707 3554 812 3617 tantae
842 3551 1036 3617 sollennitati
1064 3552 1145 3615 inter
1171 3569 1233 3615 non
1258 3550 1368 3630 fuerit,
1401 3554 1434 3618 si
1554 3547 1557 3628 i

272 3661 377 3723 tamen
402 3658 489 3722 nulla
511 3658 683 3723 necessitas
704 3658 860 3723 contraria
882 3658 988 3736 inerit,
1014 3676 1093 3741 quae
1117 3656 1277 3723 hominem
1297 3676 1315 3720 a
1339 3657 1433 3725 bono

365 3903 394 3956 11
417 3902 449 3955 of.
469 3902 506 3957 11.
525 3902 645 3971 Paralip.
665 3903 690 3970 1,
710 3903 726 3956 8

311 4026 343 4079 10
363 4024 420 4079 dies
434 4026 615 4080 celebraretur
631 4024 807 4080 Obolodniab
817 4025 956 4093 probante
970 4025 1117 4079 Bernardo
1159 4026 1193 4079 12
1207 4023 1388 4081 edificauerat
1402 4030 1432 4082 A

275 4117 306 4168 11
325 4114 433 4184 turbae]
453 4114 499 4167 ubi
518 4118 544 4168 A
562 4115 660 4167 turbae
681 4114 856 4168 Obolodm'ale
919 4114 1003 4167 actito
1022 4117 1050 4168 A
1069 4114 1279 4182 aputactitomm
1300 4112 1435 4170 Gomar-

273 4205 331 4257 ra'm'
350 4205 531 4274 apotactitum
550 4202 648 4271 scripsi
743 4204 777 4256 22
797 4202 933 4256 seculares
951 4206 980 4255 A
1061 4204 1095 4257 23
1114 4202 1164 4257 sed
1182 4202 1211 4256 et
1228 4204 1254 4254 A
1273 4202 1322 4255 sed
1341 4207 1373 4257 et
1395 4205 1436 4261 de
1555 4227 1556 4260 n

276 4292 441 4346 &amamini
465 4308 495 4344 se
521 4308 553 4344 ex
577 4290 626 4345 Du
655 4290 765 4351 Choana
794 4289 920 4359 Ονίθίηεε
945 4290 984 4344 du
1009 4291 1081 4345 culte
1106 4290 1225 4345 ebreum
1244 4306 1274 4358 p.
1304 4293 1378 4357 500,
1406 4299 1437 4347 et

277 4380 451 4435 Chelonatas
470 4397 499 4433 sa
519 4379 669 4449 descripsi
722 4380 756 4433 28
775 4380 853 4432 tauta
871 4381 899 4433 A
954 4380 988 4433 29
1008 4395 1060 4448 que
1081 4384 1104 4431 A
1555 4365 1556 4412 ἶ
