3125 4942
479 450 505 503 S.
536 448 689 505 Siluiae
717 450 996 520 peregrinatio
1264 457 1305 519 75

158 645 349 713 Anastasim.
376 646 455 711 Cum
479 646 585 709 autem
610 645 748 726 coeperit
772 646 940 729 episcopus
964 647 1072 711 uenire
1095 667 1167 712 cum
1190 649 1305 731 pmuis,

157 756 342 838 aperiuntur
370 752 473 818 omnia
500 752 606 817 hostia
638 751 676 815 de
704 752 837 817 basilica
862 752 1040 831 Anastasis,
1080 754 1176 819 intrat
1204 756 1306 821 omnis

157 862 306 945 populus,
345 858 447 925 fidelis
484 863 601 935 tamen,
640 878 711 923 nam
744 860 958 925 cathecumini
995 879 1069 927 nou.
1115 862 1156 926 Et
1188 866 1222 927 at
1253 864 1351 929 ubi3

155 968 322 1035 intrauerit
344 965 491 1051 populus,
520 965 616 1030 intrat
643 966 810 1047 episcopus
841 969 873 1033 et
896 970 1005 1031 statim
1028 968 1205 1052 ingreditur
1226 970 1309 1033 intra

126 1074 316 1139 scancellos
343 1069 509 1159 [martyrii]
535 1073 715 1154 speluncae.
753 1072 895 1138 Primum
925 1079 1062 1158 aguntur
1085 1076 1205 1159 gratiae
1229 1077 1306 1154 Deo,

157 1184 188 1246 et
203 1181 250 1245 sic
265 1180 303 1245 fit
317 1180 416 1245 oratio
431 1198 487 1263 pro
503 1179 661 1255 omnibus,
676 1179 882 1261 postmodum
895 1180 1004 1244 mittet
1017 1200 1130 1246 uocem
1144 1181 1307 1258 diaconus,

158 1294 193 1352 ιιι
212 1287 366 1351 inclinent
385 1286 489 1368 capita
507 1304 566 1351 sua
585 1304 704 1360 omnes,
728 1286 887 1367 quomodo
906 1290 1003 1364 stant,
1027 1289 1059 1351 et
1078 1288 1125 1353 sic
1143 1288 1309 1353 benedicet

157 1412 211 1459 eos
240 1394 411 1477 episcopus
440 1394 527 1459 stans
555 1392 636 1457 intra
665 1392 822 1458 cancellos
850 1392 1016 1458 interiores
1044 1398 1076 1459 et
1102 1394 1307 1477 postmodum

158 1500 328 1584 egreditur.
347 1499 530 1584 digredienti
545 1502 652 1563 autem
668 1498 817 1583 episcopo
828 1518 937 1565 omncs
952 1500 991 1565 ad
1004 1520 1132 1566 manum
1148 1502 1307 1567 accedent.
1331 1500 1351 1563 4

119 1627 141 1664 u
158 1608 203 1672 Ac
232 1608 278 1672 sie
308 1609 368 1683 est,
401 1610 438 1671 ut
464 1625 562 1689 prope
589 1624 691 1688 usque
719 1606 758 1670 ad
787 1606 930 1688 quintam
958 1610 1015 1672 aut
1046 1610 1167 1672 sertam
1198 1607 1307 1673 horam

156 1715 329 1799 protraitur
365 1714 473 1779 missa.
519 1714 599 1777 Item
640 1716 671 1777 et
703 1712 741 1777 ad
777 1714 940 1778 lucemarc
973 1714 1122 1779 similiter
1152 1715 1190 1779 fit
1219 1714 1309 1779 iusta

158 1821 420 1887 consuetudinem
458 1820 660 1886 cotidianam.
705 1820 794 1885 Haeo
831 1838 906 1904 crgo
943 1820 1138 1885 consuetudo
1173 1822 1308 1906 singulis

158 1928 270 1993 diebus
293 1928 340 1992 ita
357 1946 413 2009 per
430 1930 534 1993 totum
553 1945 669 1991 annum
693 1925 873 1992 custoditur
895 1926 1034 2010 exceptis
1057 1928 1170 1993 diebus
1194 1928 1308 1993 sollen-

158 2036 262 2113 nibus,
292 2034 408 2117 quibus
437 2038 469 2098 et
496 2034 575 2115 ipsis
601 2034 868 2117 quemadmodum
892 2034 949 2099 fiat
971 2034 1051 2099 infra
1074 2035 1307 2100 annotabimus.

119 2143 228 2207 1⁵Hoc
256 2146 364 2207 autern
391 2143 474 2206 inter
501 2141 605 2206 omnia
632 2141 711 2205 satis
739 2141 946 2224 praecipuum
974 2145 1033 2219 est,
1065 2141 1150 2223 quod
1178 2143 1351 2220 iacincto

159 2252 195 2313 ut
217 2248 334 2331 psalmi
357 2247 410 2312 uel
434 2246 622 2328 antiphonae
647 2246 712 2327 apti
736 2264 860 2329 semper
883 2246 1037 2324 dieantur,
1056 2250 1123 2311 tam
1143 2249 1196 2330 qui
1215 2252 1307 2313 nocte

160 2355 318 2434 dicuntur,
351 2358 417 2418 tam
445 2354 500 2435 qui
529 2356 635 2417 contra
662 2357 799 2429 mature,
831 2358 897 2417 tam
926 2354 1021 2417 etiam
1049 2353 1105 2435 qui
1136 2372 1192 2437 per·
1224 2354 1308 2418 diem

157 2464 210 2527 uel
239 2465 328 2527 serta
352 2465 407 2526 out
428 2479 510 2525 nona
532 2460 586 2525 uel
614 2460 653 2525 ad
679 2462 843 2525 lucernare
871 2478 997 2542 semper
1023 2461 1068 2525 itu
1100 2460 1166 2542 apti
1199 2463 1232 2525 et
1261 2461 1308 2525 ita

159 2569 372 2645 rationabiles,
397 2571 434 2632 ut
457 2567 496 2632 ad
519 2568 621 2650 ipsam
641 2586 707 2631 rem
727 2568 914 2650 pertineant,
934 2586 1015 2649 quae
1038 2568 1154 2652 agitur.
1173 2567 1307 2631 Etcum
1332 2568 1352 2631 6

56 2746 60 2755 ,
118 2692 141 2730 n
158 2678 224 2741 toto
250 2694 330 2741 anno
356 2692 480 2759 semper·
503 2673 661 2739 dominica
685 2673 734 2738 die
757 2673 790 2737 in
810 2674 946 2739 ecclesia
969 2674 1087 2740 maiore
1109 2673 1307 2758 procedatur,

157 2782 189 2846 id
212 2786 264 2847 est
287 2780 421 2866 quaein
447 2780 607 2865 Golgotba
630 2785 689 2860 est,
718 2780 751 2845 id
776 2786 826 2845 est
848 2788 922 2864 post
945 2780 1089 2861 Crucem,
1113 2800 1210 2864 quam
1231 2780 1309 2844 tecit

159 2888 397 2965 Constantinus,
438 2907 500 2953 una
536 2892 662 2953 tantum
701 2887 751 2951 dio
790 2888 957 2965 dominica,
999 2888 1032 2951 id
1069 2892 1121 2953 est
1156 2888 1307 2970 quinqua·

158 2996 351 3079 gesimarum
384 3014 439 3077 per·
471 2997 687 3077 pentecosten,
720 2995 752 3059 in
778 2994 862 3079 Syon
890 2995 1081 3077 proceditur,
1115 2995 1201 3063 sicut
1226 2993 1309 3059 iufra

159 3104 342 3167 annotatum
361 3100 540 3177 inuenietis,
566 3101 612 3165 sic
631 3105 737 3166 tamen
756 3102 788 3165 in
808 3101 892 3184 Syon
911 3108 958 3179 ut,
983 3106 1151 3185 antequam
1170 3102 1213 3166 sit
1231 3101 1308 3166 hora

117 3226 141 3267 ae
159 3210 260 3287 tertia,
285 3208 364 3273 illuc
389 3212 488 3285 eatur,
511 3208 568 3273 fiat
592 3208 727 3290 primum
751 3210 852 3273 missa
873 3210 905 3273 in
929 3210 1064 3274 ecclesia
1085 3210 1236 3274 maiorem

552 3312 649 3381 Deest
671 3336 768 3379 ouum
791 3315 914 3395 felium.

199 3421 432 3487 Benedictus
453 3422 516 3505 qui
535 3422 642 3487 uenit
660 3423 696 3486 in
715 3423 862 3489 nomine
883 3422 1033 3488 Domini
1052 3425 1086 3487 et
1100 3428 1213 3500 cetera,
1225 3441 1306 3505 quae
1353 3414 1419 3505 [59]

159 3532 316 3594 secuntur.
357 3528 398 3594 nt
425 3529 572 3611 quoniam
602 3548 657 3613 pro
687 3533 901 3607 nronazontea,
930 3529 983 3613 qui
1013 3529 1149 3612 pedibus
1178 3528 1305 3605 uadent,

158 3654 285 3701 necesse
305 3639 355 3699 est
372 3636 475 3700 leuius
495 3636 547 3699 iri:
573 3654 608 3701 ac
627 3636 674 3700 sic
693 3636 877 3717 peruenitur
894 3636 926 3699 in
946 3636 1135 3701 lerusolima
1157 3654 1194 3699 ea
1217 3636 1304 3713 bora,

118 3761 142 3802 oo
161 3760 221 3824 qua
251 3742 365 3825 incipit
396 3742 490 3807 homo
524 3741 683 3806 bominem
716 3760 810 3825 posse
839 3761 1039 3826 cognoscere,
1072 3743 1104 3806 id
1133 3746 1183 3807 est
1208 3761 1305 3825 prope

246 3968 280 4022 cr
300 3966 398 4025 uaso.
418 3968 497 4037 are

194 4094 208 4147 1
229 4095 332 4164 opperit
350 4095 377 4146 A
455 4096 471 4148 5
490 4092 611 4163 martyrii
629 4093 728 4149 seclusi
805 4093 990 4148 durationem
1011 4095 1037 4148 A
1110 4093 1125 4145 7
1145 4092 1259 4147 inclinet
1276 4096 1304 4146 A

160 4182 289 4235 inclinent
310 4182 476 4237 domuerint·
556 4184 586 4236 ll
607 4182 761 4237 lucernares
779 4184 807 4236 A
885 4184 918 4236 14
937 4183 1126 4235 annotonimur
1145 4184 1172 4235 A
1191 4184 1304 4235 annota-

160 4268 247 4323 bimus
267 4270 434 4325 Gamurrr'rrr'
542 4272 576 4325 25
600 4276 628 4325 et
650 4271 716 4325 illuc
735 4275 814 4325 eatur
831 4271 880 4324 Du
901 4270 1011 4327 Cteene.
1034 4270 1159 4341 Ompiorea
1178 4271 1217 4323 dre
1234 4271 1305 4325 melta

161 4358 277 4413 abrelicto
290 4375 320 4428 p.
338 4362 397 4413 475
469 4360 517 4415 liet
535 4361 561 4413 A
580 4360 627 4415 Fit
646 4366 675 4415 at
693 4359 826 4413 Bernard
838 4360 885 4413 Fit
900 4358 1076 4414 Obolodm’ulc
1127 4360 1162 4413 29
1175 4359 1263 4413 lenins
1276 4362 1304 4413 A
