3125 4942
278 456 320 519 64
574 456 730 509 Itinera
758 456 1126 526 Hierosolymitana

278 666 361 712 nunc
398 652 496 730 paret,
535 651 572 713 ut
608 650 710 715 uides.
757 649 840 714 Nam
872 652 1068 716 consuetudo
1100 652 1175 717 talis
1209 656 1276 717 erat
1306 653 1337 717 in
1371 653 1427 719 illo

277 758 429 838 tempore,
467 761 504 822 ut
539 757 667 838 palatia,
706 755 917 840 quotiensque
953 758 1197 838 fabricabantur,
1236 779 1360 841 semper
1396 762 1428 825 in

227 857 464 927 15ediuoribus
492 863 571 929 locis
599 863 718 931 fierent.
762 862 826 929 Sed
852 864 1057 947 postmodum
1082 885 1176 948 quam
1200 867 1246 931 hii
1268 867 1373 932 fontes
1397 868 1429 931 in

278 988 313 1034 eo
336 969 407 1034 loco
431 974 611 1051 eruperunt,
635 974 713 1035 tunc
737 970 806 1052 ipse
828 972 975 1055 Aggasus
999 970 1064 1037 filio
1089 991 1147 1037 suo
1171 973 1299 1057 Magno,
1322 973 1430 1039 idest

276 1075 342 1152 isti,
371 1076 461 1140 cuius
491 1076 665 1158 archiotipa
693 1077 783 1142 uides
811 1078 898 1142 iuxta
925 1083 1014 1161 patre
1042 1080 1157 1161 posita,
1186 1079 1246 1145 hoo
1273 1080 1429 1163 palatium
1457 1100 1470 1140 a

277 1182 354 1246 fecit
376 1182 408 1247 in
429 1202 464 1249 co
488 1185 569 1263 loco,
593 1184 639 1247 ita
657 1187 763 1249 tamen
788 1188 826 1249 ut
847 1184 893 1249 hii
916 1185 1021 1249 fontes
1044 1185 1127 1250 intra
1149 1186 1305 1268 palatium
1327 1187 1429 1253 inclu-

227 1284 434 1353 lbderentur.
466 1289 584 1353 Postea
608 1307 682 1373 ergo
706 1308 802 1371 quam
827 1290 906 1354 haec
934 1292 1040 1356 omnia
1065 1293 1177 1357 retulit
1205 1295 1335 1357 sanctus
1363 1296 1429 1376 epi·

278 1414 405 1478 scapua,
422 1395 467 1459 ait
485 1395 525 1459 ad
542 1414 608 1460 me:
629 1414 738 1461 eamus
759 1414 842 1462 nunc
862 1396 901 1460 ad
920 1400 1055 1479 portam,
1071 1418 1128 1481 ρετ
1147 1417 1241 1481 quam
1260 1399 1427 1482 ingressus

278 1505 327 1566 est
354 1501 491 1566 Ananias
520 1520 630 1566 cursor
663 1521 735 1566 curn
768 1502 825 1566 illa
852 1502 998 1584 epistola,
1032 1523 1127 1585 quam
1155 1504 1303 1571 dixeram.
1346 1505 1428 1572 Cum

278 1626 351 1692 ergo
389 1608 591 1672 uenissemus
629 1607 668 1672 ad
705 1612 830 1692 portam
867 1609 979 1692 ipsam,
1018 1613 1106 1675 stans
1144 1611 1312 1695 episcopus
1351 1614 1471 1677 lecito

254 1760 258 1767 -
277 1716 449 1779 orationem
467 1717 499 1779 et
516 1714 597 1799 legit
615 1714 707 1779 nobis
725 1715 771 1779 ibi
791 1716 877 1797 ipsas
893 1717 1044 1799 epistolas
1064 1720 1098 1783 et
1115 1718 1217 1783 denrro
1236 1720 1427 1784 benedicens

225 1816 333 1885 17nos
357 1821 442 1886 lacta
466 1823 516 1885 est
539 1820 653 1885 iterata
676 1822 788 1886 oratio.
816 1821 902 1886 Hlud
926 1823 1022 1887 etiarn
1045 1823 1158 1887 retulit
1180 1824 1272 1889 nobis
1296 1829 1427 1891 sanctus

276 1928 344 2011 ipse
377 1927 495 2003 dicens,
533 1946 569 1992 eo
604 1928 689 2010 quod
723 1946 758 1992 ex
792 1947 829 1992 ea
861 1927 921 2006 die,
959 1947 1022 2010 qua
1054 1930 1192 1995 Ananias
1225 1950 1336 1997 cursor
1372 1953 1429 2016 ρετ

276 2036 379 2118 ipsam
401 2038 524 2118 portam
548 2034 712 2118 ingressus
737 2037 788 2099 est
811 2054 883 2100 cum
907 2036 1077 2118 epistolam
1100 2036 1240 2115 Domini,
1268 2056 1371 2122 usque
1395 2041 1427 2104 in

276 2143 474 2224 praesentem
512 2140 595 2206 diem
633 2142 842 2217 custodiatur,
875 2161 914 2207 ne
950 2142 1022 2224 quis
1055 2142 1250 2222 immundus,
1284 2164 1322 2209 τε
1354 2147 1427 2227 quia
1446 2166 1472 2207 τε

276 2248 422 2334 lugubris
450 2266 506 2330 per
533 2248 635 2330 ipsam
663 2253 788 2331 portam
811 2250 961 2324 transeat,
990 2249 1048 2313 sed
1070 2269 1127 2314 nec
1151 2269 1266 2333 corpus
1289 2253 1427 2318 alicuius

227 2350 394 2421 18mortui
433 2353 566 2419 eiciatur
601 2372 657 2435 ρετ
693 2353 796 2436 ipsam
833 2356 969 2436 portam.
1015 2354 1164 2421 Ostendit
1200 2358 1297 2422 etiam
1333 2359 1427 2425 nobis

279 2461 601 2543 sanctusepiscopus
624 2460 809 2525 memoriam
831 2461 952 2545 Aggari
974 2462 1026 2526 uel
1045 2463 1146 2527 totius
1165 2464 1303 2528 familiae
1321 2466 1427 2547 ipsius

277 2568 370 2632 ualde
397 2568 540 2651 pulchra,
570 2567 626 2631 sed
652 2566 736 2631 facta
764 2587 850 2632 more
878 2568 1020 2650 antiquo.
1057 2569 1156 2635 Duxit
1183 2571 1279 2635 etiarn
1308 2591 1365 2637 uos
1393 2579 1428 2636 et

278 2674 316 2739 ad
343 2674 435 2738 illum
464 2674 617 2757 palatium
652 2674 857 2756 superiorem,
889 2676 974 2758 quod
1006 2675 1162 2740 habuerat
1192 2678 1340 2760 primitus
1372 2698 1427 2743 rex
1445 2702 1472 2739 aa

276 2783 433 2865 oggerus,
469 2784 501 2845 et
533 2780 559 2845 si
588 2798 650 2861 qua
682 2783 843 2863 praeterea
873 2780 944 2845 loca
971 2785 1068 2860 erant,
1101 2783 1295 2847 monstrauit
1321 2784 1425 2849 nobis.

227 2882 266 2945 19
276 2886 361 2951 Dlud
394 2887 489 2951 etiam
528 2886 606 2951 satis
638 2886 717 2950 mihi
750 2888 840 2971 grato
873 2886 945 2965 fuit,
981 2891 1019 2952 ut
1051 2888 1203 2972 epistolas
1235 2890 1321 2973 ipsas
1354 2891 1425 2956 sine

276 2994 396 3078 Aggari
424 2993 463 3059 ad
490 2993 674 3071 Dominum,
703 2994 773 3057 siue
801 2992 929 3058 Domini
957 2992 997 3057 ad
1024 2995 1197 3079 Aggarum,
1226 3014 1305 3078 quas
1332 2997 1425 3063 nobis

275 3099 321 3163 ibi
344 3101 466 3183 legerat
488 3102 615 3163 sanctus
636 3100 814 3182 episcopus,
839 3080 1012 3183 acciperem
1031 3100 1129 3165 michi
1147 3101 1185 3165 ab
1208 3102 1279 3185 ipso
1303 3108 1424 3169 sancto.

275 3206 318 3269 Dt
359 3206 436 3270 licet
475 3206 506 3269 in
551 3206 653 3289 patria
695 3206 884 3288 exemplaria
927 3206 1067 3287 ipsarum
1114 3208 1272 3286 haberem,
1317 3213 1425 3275 tamen
1444 3234 1471 3273 aa

155 3307 223 3398 [51]
277 3311 399 3395 gratius
431 3310 510 3376 mihi
542 3312 650 3375 uisum
679 3314 739 3390 est,
772 3314 810 3375 ut
836 3315 867 3375 et
900 3311 945 3375 ibi
973 3331 1026 3377 eas
1054 3312 1092 3377 de
1113 3312 1117 3398 Ι
1138 3314 1208 3397 ipso
1238 3316 1423 3396 acciperem,

275 3436 314 3481 ne
342 3416 419 3500 quid
450 3417 580 3481 forsitan
609 3417 715 3481 minus
745 3416 783 3481 ad
816 3436 874 3484 noa
905 3418 939 3482 in
970 3418 1073 3501 patria
1104 3420 1316 3503 peruenisset,
1349 3440 1422 3486 nam

275 3542 349 3589 nere
382 3524 518 3606 amplius
553 3530 610 3602 est,
649 3523 733 3606 quod
765 3523 817 3587 hic
850 3524 967 3608 accepi.
1012 3526 1103 3591 Unde
1136 3527 1163 3589 si
1195 3526 1283 3590 Deus
1314 3531 1426 3592 noster

275 3632 365 3695 Iesus
397 3631 528 3695 iusserit
559 3634 592 3695 et
619 3648 732 3695 uenero
765 3630 797 3694 in
832 3632 944 3712 patria,
976 3631 1083 3715 legitis
1116 3635 1244 3711 etuas,
1278 3633 1423 3699 dominae

275 3736 395 3802 animae
418 3756 516 3803 ττεεε.
1440 3770 1471 3812 sc
1552 3729 1553 3808 ἶ

222 3839 265 3905 20
318 3845 365 3908 Ac
393 3844 439 3909 sic
468 3863 542 3928 ergo
570 3845 654 3909 facto
684 3844 729 3908 ibi
755 3844 902 3910 triduano
930 3863 1061 3910 necesse
1088 3865 1140 3909 me
1168 3846 1232 3911 fuit
1259 3845 1362 3912 adhuc
1389 3848 1420 3911 in

311 4002 326 4053 2
347 4001 580 4070 quotienscunque
600 4002 776 4057 Cholodaa'ak
880 4006 896 4057 5
913 4006 991 4073 parte
1010 4005 1037 4057 A
1056 4006 1160 4075 pariete
1178 4006 1236 4075 ipse
1253 4008 1422 4061 mraieceram

274 4094 352 4159 patre
373 4090 550 4145 Obolodaa'ab
613 4093 677 4145 din
697 4090 900 4147 includerentur
913 4095 941 4147 A
997 4095 1028 4147 11
1048 4093 1196 4149 bandinens
1210 4095 1238 4148 A
1291 4096 1326 4148 22
1345 4094 1421 4150 illum

273 4178 321 4232 sed
339 4194 406 4233 corr.
426 4182 453 4231 A
542 4181 576 4233 27
600 4196 658 4243 nos,
677 4197 735 4235 raon
759 4197 817 4244 nos,
835 4186 868 4234 ut
890 4182 933 4236 ait
949 4181 1163 4253 Pomiolowaty,
1182 4182 1301 4238 codicem
1321 4184 1423 4239 babae

273 4266 340 4321 oniba·
358 4267 534 4337 confirmauit
556 4267 722 4322 Gamarriaa'
779 4270 814 4323 29
831 4268 888 4337 legi
907 4268 931 4321 si
949 4286 998 4323 uos
1016 4273 1044 4325 A
1061 4270 1156 4340 legitis
1175 4288 1224 4325 nos
1245 4271 1422 4326 Obolcdm'nk

272 4355 370 4425 legetis
390 4358 418 4409 et
437 4372 485 4409 uos
506 4355 672 4410 samareae·
