3125 4942
274 456 316 519 84
571 451 726 505 Itinera
753 451 967 521 Hierosoly
976 450 1125 504 mitana

242 646 336 731 liqui
360 648 495 713 uenit
488 668 523 712 m
548 648 695 712 nomine
718 646 879 712 Domini.
902 647 944 711 nt
930 650 1125 729 ttquotquo
1144 650 1220 712 sunt
1236 667 1268 711 m
1205 646 1399 712 antes
1391 666 1422 710 rr

271 755 396 821 hisdem
419 756 510 834 13313,
534 773 635 837 usque
659 757 691 818 3
693 773 754 817 ram
780 754 835 835 qui
857 752 993 836 pedibus
1012 754 1175 819 ambulare
1194 773 1256 817 non
1275 756 1420 837 possunt,

271 862 346 945 quia
373 861 473 926 teneri
502 864 585 937 sunt,
618 860 651 923 in
680 861 761 925 33113
795 859 868 925 illos
901 862 1048 942 parentes
1081 860 1133 923 sui
1159 862 1279 935 333333,
1313 878 1421 925 omnes

270 987 374 1033 ramos
393 970 504 1033 tenent
489 968 617 1033 3311133
636 966 823 1049 palmarum,
847 965 901 1031 alii
925 965 1096 1041 oliuarum3
1122 969 1154 1030 et
1177 965 1224 1030 sio
1248 966 1423 1031 deducetur

240 1072 471 1158 lepiseopus
463 1094 495 1138 rn
516 1092 551 1138 eo
576 1078 663 1156 typo,
688 1091 750 1153 quo
775 1076 853 1137 tuno
872 1073 1028 1137 Dominus
1052 1072 1209 1136 deductus
1234 1075 1294 1137 est.
1317 1072 1462 1137 litdea
1542 1057 1543 1114 3

271 1200 395 1247 summo
423 1184 528 1245 monte
557 1199 657 1262 usque
686 1180 726 1243 ad
754 1180 852 1244 oiuita
820 1182 920 1244 tatem
955 1178 1086 1243 atinde
1116 1178 1153 1243 ad
1181 1179 1282 1244 Anast
1268 1183 1337 1244 tase
1365 1198 1421 1262 per

269 1291 370 1353 totam
389 1287 552 1352 ciuitatem
572 1290 677 1352 totum
696 1286 831 1370 pedibus
847 1306 969 1363 omnes
989 1285 1093 1351 sedet
1112 1286 1139 1350 si
1159 1305 1240 1368 quae
1258 1290 1419 1351 matronae

270 1400 344 1459 sunt
367 1396 423 1458 aut
447 1395 474 1459 si
498 1395 553 1475 qni
573 1394 702 1470 domini,
728 1395 773 1458 sio
798 1393 960 1458 deducunt
983 1392 1166 1475 episcopum
1192 1393 1418 1475 respondentes

269 1508 301 1565 33
333 1501 379 1565 313
412 1502 496 1565 13333
527 1504 558 1565 33
591 1502 686 1577 lente,
718 1519 757 1564 no
790 1500 929 1565 lassetur
954 1501 1104 1582 populns,
1137 1518 1230 1583 porro
1257 1500 1321 1564 iam
1350 1518 1418 1564 sera

268 1608 453 1692 peruenitur
481 1607 520 1672 ad
546 1606 711 1673 Anastase.
753 1606 817 1671 Ubi
846 1627 921 1671 eum
948 1611 1080 1671 uentum
1109 1608 1214 1686 fuerit,
1243 1608 1418 1689 quamlibet
1435 1632 1458 1669 ru

269 1734 339 1795 sero
368 1715 420 1792 sit,
448 1717 553 1778 tamen
582 1713 619 1779 fit
646 1714 818 1792 laromam,
846 1714 884 1778 fit
906 1714 1008 1779 denno
1033 1714 1133 1779 oratio
1161 1713 1201 1779 ad
1226 1714 1359 1780 Crucem
1387 1718 1418 1779 et

268 1822 441 1886 dimittitur
461 1821 611 1903 populus.

214 1923 257 1988 32
311 1929 393 1991 Item
409 1927 469 1991 3113
486 1927 545 2003 die,
562 1926 594 1991 id
609 1931 657 1992 333
672 1927 811 1992 secunda
824 1926 912 2005 13313,
923 1931 1070 2011 aguntur,
1082 1946 1161 2010 quae
1176 1927 1415 1993 consuetudinis

268 2036 344 2098 sunt
363 2033 400 2097 de
424 2033 511 2115 pullo
535 2034 637 2116 primo
662 2034 714 2117 agi
733 2053 835 2115 usque
856 2034 895 2098 ad
914 2054 1006 2098 mane
1025 2034 1066 2099 ad
1082 2036 1249 2111 Anastase,
1269 2034 1418 2099 similiter

268 2143 300 2204 33
323 2139 363 2204 ad
385 2140 480 2203 tertia
498 2143 531 2204 et
554 2140 592 2205 ad
617 2142 704 2205 serta
727 2143 866 2224 aguntur
884 2159 930 2217 33,
951 2160 1032 2223 quae
1055 2140 1133 2205 totis
1153 2140 1413 2224 quadragesimis.
1433 2164 1457 2203 15

267 2246 316 2311 Ad
334 2265 417 2312 nona
435 2250 540 2312 autem
560 2267 669 2312 omnes
687 2248 718 2311 in
739 2248 875 2313 33313313
892 2247 1020 2326 maiore,
1039 2247 1073 2312 id
1092 2249 1142 2313 est
1159 2247 1199 2311 ad
1216 2247 1415 2330 Martyrium,

267 2353 419 2438 colligent
451 2374 484 2419 33
517 2359 550 2418 33
580 2354 625 2418 1131
658 2374 760 2437 usque
788 2354 828 2418 ad
854 2354 963 2419 horam
992 2356 1126 2438 primam
1155 2354 1259 2419 noetis
1291 2374 1417 2438 semper

266 2461 352 2543 ymni
385 2464 418 2525 et
452 2462 642 2543 antiphonae
674 2460 833 2539 dicuntur,
865 2460 1019 2525 lectiones
1048 2461 1145 2525 etiarn
1173 2465 1265 2543 aptae
1294 2460 1356 2524 diei
1384 2462 1416 2524 et

236 2566 334 2633 2looo
370 2567 530 2651 leguntur,
570 2568 777 2649 interpositae
817 2586 941 2650 semper
978 2567 1145 2634 orationes.
1190 2567 1414 2632 Luoemarium

266 2673 361 2737 etiam
394 2674 499 2757 agitur
529 2673 585 2749 ibi,
619 2693 691 2738 oum
721 2674 860 2755 eoeperit
891 2675 969 2738 hora
996 2694 1081 2751 3333;
1107 2674 1153 2740 313
1186 2678 1236 2740 333
1268 2692 1354 2758 ergo,
1377 2677 1459 2739 utao

264 2783 357 2845 noete
387 2780 482 2844 etiam
510 2779 566 2845 fiat
593 2781 692 2844 missa
720 2780 759 2844 ad
782 2780 981 2864 Martyrium.
1024 2780 1087 2845 Ubi
1116 2800 1189 2845 enm
1211 2780 1297 2845 13333
1318 2779 1414 2845 fuerit

265 2887 373 2963 missa,
405 2886 478 2951 inde
506 2906 580 2951 eum
610 2887 715 2969 ymnis
748 2886 788 2951 ad
815 2889 970 2951 anastase
999 2886 1127 2951 duoitur
1154 2888 1334 2971 episeopus.
1376 2888 1411 2951 In

266 3012 327 3075 quo
351 2995 458 3057 autem
484 2992 647 3077 ingressus
671 2992 821 3058 fueritin
845 2994 1011 3071 33333333,
1040 2993 1157 3058 dieitur
1179 3013 1263 3059 nnus
1286 3012 1412 3077 ymnus,

264 3098 300 3163 33
325 3100 434 3179 333313,
458 3100 686 3164 benedicuntur
709 3100 932 3178 333333333131,
951 3100 1028 3164 item
1051 3099 1171 3178 fideles,
1191 3102 1225 3165 et
1246 3100 1283 3163 fit
1303 3100 1411 3164 missa.

124 3200 254 3291 [35133
308 3206 390 3269 Item
412 3205 507 3270 tertia
529 3205 606 3270 13313
630 3206 777 3271 similiter
801 3208 906 3271 omnia
926 3205 931 3291 Ι
951 3206 1033 3271 3333
1055 3206 1141 3273 siout
1163 3207 1302 3271 secunda
1325 3206 1411 3271 feria.
1429 3234 1454 3274 aa

263 3312 349 3377 Illud
372 3313 477 3377 solum
497 3312 624 3377 additur
641 3312 737 3376 tertia
753 3314 843 3391 13313,
864 3313 948 3396 quod
971 3315 1064 3377 noete
1083 3332 1162 3391 sera,
1186 3316 1410 3396 posteaquam

264 3419 364 3511 missa
390 3420 475 3483 13333
501 3418 598 3483 fuerit
625 3419 664 3482 ad
687 3419 875 3502 Martyrium
903 3422 936 3483 et
962 3420 1044 3483 itum
1070 3419 1167 3494 fuerit
1193 3420 1233 3483 ad
1255 3420 1409 3484 Anastasa

265 3529 297 3590 et
329 3526 430 3590 denno
463 3526 495 3589 in
527 3526 682 3590 Anastase
714 3526 815 3590 missa
846 3526 929 3590 13333
960 3526 1067 3604 133313,
1105 3546 1214 3591 omnes
1246 3526 1304 3590 illa
1335 3526 1410 3591 hora

233 3634 360 3697 2nootu
386 3630 505 3696 nudent
530 3632 561 3695 in
587 3631 731 3709 33313313,
761 3651 840 3714 quae
864 3632 967 3697 estin
990 3637 1097 3698 monte
1120 3633 1248 3697 Eleona.
1289 3634 1325 3697 In
1350 3651 1410 3715 qua

264 3739 400 3803 33313313
426 3758 498 3802 oum
525 3741 657 3802 uentum
685 3739 791 3817 133313,
820 3738 917 3803 intrat
943 3740 1111 3821 episeopus
1139 3740 1222 3804 intra
1248 3741 1453 3823 speluncam

263 3844 294 3909 13
320 3864 382 3927 qua
404 3844 554 3927 spelunea
578 3844 700 3910 solebat
723 3844 880 3911 Dominus
905 3845 1016 3911 dooere
1034 3846 1219 3930 discipulos,
1243 3849 1276 3911 33
1293 3846 1410 3929 accipit

352 4071 369 4122 4
388 4069 421 4127 31.
441 4070 538 4123 1131313.
559 4071 601 4135 21,
621 4070 637 4124 8

298 4194 386 4263 2un
406 4194 430 4243 A
509 4195 666 4247 lmatrone
684 4195 711 4248 A
789 4195 822 4247 13
842 4193 1003 4247 seonndafr
1023 4195 1050 4248 A
1133 4196 1165 4250 19
1185 4198 1321 4251 orationes
1339 4198 1406 4252 fiunt

265 4278 441 4333 Otrotodniolr
463 4280 632 4334 lucernarum
655 4282 682 4333 A
705 4282 885 4335 lucernarium
907 4282 965 4349 ipse
988 4288 1013 4336 et
1035 4284 1247 4353 Poma'alowsly,
1270 4286 1336 4340 item
1359 4288 1406 4340 Du

265 4368 399 4423 01333331.
415 4384 436 4423 o.
446 4386 476 4437 p.
495 4372 554 4422 485
604 4371 636 4423 21
653 4369 755 4423 facturn
769 4372 797 4423 A
816 4388 875 4424 enm
891 4370 993 4425 laetum
1007 4372 1091 4426 fuerit
1104 4374 1213 4427 missam
1231 4374 1406 4431 01331οά3133
