3125 4942
252 371 317 434 248
548 369 704 422 itinera
729 369 1101 438 Hierosolymitaua

251 553 349 646 ‘supra
373 565 502 630 eandem
526 567 628 630 rotam
656 566 688 630 in
716 565 847 631 trocleis
874 565 1042 648 pendentis
1070 565 1121 630 dia
1145 568 1178 628 et
1199 567 1293 630 nocta
1315 563 1404 628 flam-

252 671 369 736 mantis
392 671 630 737 inluminantur.

297 778 389 843 lilius
413 780 520 861 itaque
541 799 636 862 supra
655 783 847 844 memoratae
866 778 1020 844 ecelesiae
1038 776 1192 843 rotundae
1209 777 1242 843 in
1262 775 1406 842 occiden-

253 885 310 948 tali
324 889 412 967 parta
431 886 481 950 bis
497 886 695 968 quaternales
714 905 849 970 superno
866 885 1058 951 fabrefactae
1077 885 1232 950 habentur
1248 883 1407 948 fenestrae
1542 942 1543 981 ,

254 992 366 1055 ualuas
403 990 556 1056 babentes
593 993 722 1069 uitreas,
761 992 878 1075 quibus
919 992 1030 1074 utique
1071 990 1220 1056 fenestris
1260 989 1406 1054 eiusdem
1435 1004 1448 1045 ε
1542 984 1543 1039 ἒ

254 1097 376 1161 uumeri
414 1097 538 1162 uicinae
573 1097 737 1180 lampades
775 1098 967 1163 intrinsecus
1000 1117 1017 1162 e
1049 1098 1177 1181 regione
1213 1095 1338 1180 positae
1374 1095 1406 1158 iu
1542 1092 1543 1095 ’

253 1203 384 1268 funibus
399 1204 570 1286 pendentes
585 1205 704 1284 ardent,
720 1223 802 1286 quae
817 1205 969 1270 uidelicet
984 1203 1145 1288 lampades
1160 1204 1207 1268 sic
1222 1202 1407 1276 collocatae,

254 1313 292 1374 nt
314 1329 521 1394 unaquaeque
544 1312 665 1394 lampas
690 1331 748 1376 nec
772 1312 919 1394 superius
942 1330 1000 1376 nec
1022 1310 1155 1376 inferius
1178 1308 1325 1392 pendeat,
1349 1305 1406 1372 sed

255 1417 348 1498 quasi
366 1417 539 1484 adhaerens
558 1418 660 1484 eidem
680 1418 836 1484 fenestrae
855 1418 1012 1496 uideatur,
1028 1417 1080 1482 cui
1097 1416 1232 1481 interius
1246 1435 1264 1479 a
1277 1413 1407 1498 regione

253 1524 431 1608 propinqua
460 1526 642 1608 specialiter
670 1525 816 1592 cernitur.
858 1523 999 1604 Quarum
1027 1523 1140 1606 utque
1166 1521 1351 1605 lampadum
1374 1519 1407 1583 in
1425 1541 1450 1580 ro

254 1634 380 1695 tantum
404 1632 530 1697 claritas
557 1633 705 1718 refulget,
729 1635 767 1697 ut
795 1651 902 1700 aarum
925 1631 1045 1696 lumino
1070 1629 1162 1712 quasi
1185 1629 1223 1693 de
1246 1627 1408 1710 superiore

254 1737 372 1802 montis
389 1736 507 1803 Oliueti
522 1739 592 1804 looo
609 1739 845 1806 coruscantium
864 1757 920 1822 per
934 1737 1053 1802 nitrum
1068 1735 1287 1801 habundanter
1305 1733 1407 1798 effuso

255 1861 316 1906 nou
340 1847 465 1909 tantum
490 1865 526 1912 ea
549 1846 692 1911 eiusdem
716 1845 835 1910 montis
857 1863 941 1928 pars,
962 1863 1042 1927 quae
1065 1843 1105 1907 ad
1124 1861 1273 1907 occasum
1291 1858 1408 1904 uersus

255 1949 357 2014 eidam
381 1951 529 2017 adhaeret
551 1953 703 2018 rotundae
728 1957 760 2018 et
781 1952 926 2034 lapideae
949 1951 1112 2028 basilicae,
1132 1949 1189 2013 sad
1211 1947 1308 2012 etiam
1330 1946 1410 2012 ciui·

255 2056 332 2120 tatis
359 2058 601 2142 Hierosolymae
630 2059 668 2124 de
694 2060 779 2124 uallo
806 2058 958 2141 losaphat
984 2076 1137 2122 ascensus
1164 2075 1221 2139 per
1253 2053 1410 2138 quosdam
1427 2072 1452 2112 ιι

257 2164 373 2248 gradus
405 2165 437 2229 iu
471 2165 572 2230 altum
607 2165 799 2232 sublimatus
832 2167 915 2231 clare
951 2164 1128 2247 quamlibet
1162 2164 1195 2228 in
1231 2163 1409 2228 tenebrosis

256 2271 403 2336 noctibus
431 2273 619 2338 mirabiliter
645 2273 836 2338 inlustretur
862 2276 895 2336 et
921 2273 1023 2336 maior
1052 2270 1195 2335 eiusdem
1222 2289 1295 2353 pars
1319 2269 1409 2333 urbis

257 2378 394 2443 anterior
403 2397 420 2444 e
429 2380 556 2464 regione
565 2380 688 2462 positae
704 2379 851 2445 similiter
865 2378 974 2444 eadem
987 2378 1196 2442 inluminatur
1210 2375 1409 2442 claritudine.

255 2484 344 2550 Haeo
365 2485 489 2570 fulgida
512 2491 544 2552 et
566 2485 788 2570 praedicabihs
812 2485 1003 2552 octonalium
1027 2503 1212 2569 magnarum
1231 2481 1409 2548 coruscatio

256 2591 456 2656 lucernarum
476 2593 514 2657 de
537 2596 644 2659 moute
668 2597 777 2658 sancto
802 2595 835 2657 et
857 2593 896 2657 de
918 2593 990 2657 loco
1014 2590 1190 2656 dominicae
1213 2589 1411 2654 ascensionis
1427 2609 1453 2648 ro

257 2701 352 2763 noctu
376 2699 602 2783 refulgentium
626 2700 788 2779 maiorem,
808 2702 846 2764 ut
863 2698 1015 2764 droulfus
1038 2697 1146 2775 refert,
1166 2696 1267 2761 diuini
1290 2695 1409 2760 amoris

258 2803 453 2870 alacritatem
482 2805 683 2872 credulorum
710 2804 950 2889 respicientium
979 2803 1128 2869 cordibus
1151 2802 1290 2868 iufundit
1314 2821 1411 2885 queu-

258 2908 393 2993 damque
430 2930 581 2995 pauorem
613 2913 729 2978 mentis
763 2931 836 2976 cum
867 2911 991 2996 ingenti
1023 2910 1145 2976 iuterna
1176 2909 1410 2993 conpunctione

256 3017 384 3084 incutit.

304 3123 367 3189 Sed
394 3128 427 3189 et
454 3125 512 3190 boo
540 3126 630 3191 nobis
658 3144 720 3190 non
749 3143 820 3191 esse
847 3123 1015 3190 tacendum
1039 3123 1178 3202 uidetur,
1204 3122 1289 3206 qaod
1313 3141 1409 3206 saepe
1426 3143 1451 3184 a

257 3233 450 3297 memoratus
482 3233 631 3298 Arculfus
669 3233 707 3297 de
744 3232 803 3296 bac
840 3232 950 3296 eadam
986 3230 1123 3296 rotunda
1158 3230 1294 3295 eeclesia
1329 3229 1409 3294 milri

297 3570 500 3626 ldammantes
518 3571 561 3626 Br
614 3570 783 3627 3rotundae
803 3569 933 3626 ecclesiae
955 3569 1024 3624 YBr
1081 3567 1230 3624 acidantali
1248 3567 1276 3622 Ζ
1327 3569 1407 3622 fau·

259 3659 404 3728 pernan
475 3660 607 3716 fabricata
626 3659 670 3714 Br
728 3660 862 3715 buitrias
879 3659 909 3712 P
977 3657 1090 3712 liniatus
1108 3656 1136 3711 P
1192 3655 1351 3711 beiusdem
1369 3657 1409 3710 Ην

259 3747 381 3802 finistrse
398 3749 426 3802 P
481 3750 624 3818 eregione
643 3749 733 3819 posite
750 3748 795 3801 Br
832 3747 865 3801 12
885 3747 981 3801 oliueti
999 3747 1099 3800 montis
1121 3745 1192 3800 YBr
1244 3746 1362 3799 uitreum
1384 3742 1412 3797 1'

260 3837 325 3890 uitri
344 3836 371 3891 Z
422 3837 613 3893 habundanter
631 3838 710 3892 codd.
766 3836 852 3891 effuso
871 3852 905 3891 ea
923 3835 1018 3890 effusio
1032 3851 1103 3890 corr.
1119 3839 1146 3890 2.
1159 3852 1195 3888 aa.
1210 3834 1254 3889 Br
1308 3835 1343 3890 13
1355 3849 1408 3887 uon

259 3929 351 3980 tamen
365 3925 419 3980 YZ
462 3925 902 3997 parsiarasaraproparsisBr
947 3924 1150 3979 adom.YZBr
1187 3922 1410 3993 15iosaphathP

262 4014 295 4066 16
309 4012 445 4083 gradosP
500 4015 532 4070 18
552 4017 673 4070 anterior
697 4015 723 4069 Y
777 4014 901 4068 claritate
920 4013 948 4066 P
993 4014 1026 4067 le
1046 4012 1216 4066 choruscatio
1234 4013 1278 4065 Br
1323 4011 1358 4064 20
1376 4009 1409 4064 dc

261 4108 327 4156 ante
344 4103 404 4158 loco
423 4119 474 4158 om.
493 4105 536 4159 Br
635 4105 667 4158 21
688 4109 720 4157 ut
739 4106 850 4158 sauctus
868 4102 954 4156 refert
971 4101 1098 4156 arculfus
1116 4101 1161 4155 Br
1259 4101 1293 4154 22
1314 4099 1407 4153 alacri·

260 4195 345 4246 tatem
364 4192 410 4246 uel
428 4193 580 4248 claritatem
600 4193 642 4247 Br
696 4193 731 4247 22
750 4191 976 4263 respicitientium
997 4207 1065 4246 corr.
1081 4194 1108 4245 2.
1122 4189 1198 4244 nal
1250 4190 1286 4243 25
1304 4186 1410 4243 haeeP

260 4281 339 4334 nobis
358 4298 408 4335 om.
423 4282 465 4335 Br
519 4283 553 4336 26
573 4282 688 4336 rotunda
707 4285 802 4336 sancta
820 4281 864 4334 Br
