3125 4942
446 458 472 512 S.
502 457 657 511 Siluiae
686 456 965 526 peregrinatio
1240 458 1282 519 45

129 656 162 719 in
182 674 219 719 eo
238 656 344 718 umen
363 654 445 730 loco,
464 652 496 716 in
516 670 577 735 quo
597 650 700 717 denuo
720 651 841 741 reuersi
859 670 971 715 sumus
990 651 1030 716 ad
1049 652 1109 717 iter
1127 656 1282 726 nostrum,

130 762 192 827 hoe
221 764 270 825 est
297 760 352 827 ubi
383 764 531 825 exeuntes
561 758 599 823 de
628 757 710 823 ualle
738 758 796 822 illa
824 758 941 842 grande
972 758 1143 843 reingressi
1171 776 1283 823 sumus

129 867 195 947 uia,
216 886 278 949 qua
297 884 495 941 ueneramus,
519 865 744 929 intermontes
763 864 849 939 illos,
870 883 949 947 quos
969 865 1115 947 superius
1135 864 1282 929 dixeram.

128 973 214 1037 Nam
233 972 330 1039 etiam
353 972 423 1055 ipsa
442 972 492 1036 die
516 972 709 1037 accessimus
730 974 761 1035 et
786 970 825 1035 ad
849 974 971 1036 ceteros
994 971 1166 1037 monachos
1191 970 1283 1036 ualde

98 1082 270 1156 assuetos,
304 1078 358 1163 qui
385 1082 490 1145 tamen
517 1098 574 1161 pro
602 1081 705 1143 aetate
734 1082 790 1143 aut
821 1078 1028 1143 inbecillitate
1056 1096 1220 1143 occurrere
1251 1077 1283 1141 in

130 1189 241 1251 moute
266 1185 324 1251 Dei
347 1184 386 1249 ad
410 1185 602 1251 oblationem
626 1183 803 1248 faciendam
826 1203 888 1249 uon
911 1188 1070 1265 poterant;
1101 1184 1155 1266 qui
1178 1187 1283 1248 tamen

127 1310 190 1358 uos
210 1292 331 1377 dignati
355 1295 430 1357 sunt
448 1292 480 1357 iu
498 1291 699 1357 monasteriis
725 1290 793 1355 suis
812 1290 1015 1355 aduenientes
1034 1290 1129 1356 ualde
1147 1291 1283 1355 humane

129 1399 305 1483 suscipere.
329 1400 375 1465 Ac
399 1399 539 1482 sicergo
565 1397 635 1461 uisa
658 1398 729 1463 loca
752 1400 862 1462 sauata
885 1398 1000 1471 omnia,
1024 1416 1104 1481 quae
1128 1394 1334 1462 desidera-ll

128 1508 253 1583 nimus,
271 1524 328 1569 nec
348 1524 407 1569 non
426 1504 522 1569 etiam
537 1506 570 1567 et
583 1503 689 1570 omnia
706 1504 788 1577 loca,
807 1521 887 1586 quae
905 1502 965 1567 filii
980 1503 1100 1568 Israhel
1113 1502 1284 1587 tetigerant

85 1612 237 1679 racundo
265 1612 318 1677 uel
346 1610 505 1677 redeundo
533 1610 574 1675 ad
601 1612 741 1675 montem
768 1610 840 1689 Dei,
872 1610 953 1675 uisis
982 1610 1078 1676 etiam
1106 1615 1138 1675 ct
1165 1610 1284 1675 sanctis

130 1720 224 1792 uiris,
254 1720 309 1803 qui
335 1718 381 1783 ibi
404 1720 688 1795 commorabantur,
715 1718 748 1781 in
776 1718 902 1783 nomine
924 1718 986 1783 Dei
1008 1718 1145 1802 regressi
1172 1736 1284 1782 sumus

130 1828 164 1891 in
199 1826 309 1893 Faran.
352 1826 392 1891 ut
428 1825 504 1891 licet
536 1844 661 1909 semper
692 1824 760 1889 Deo
792 1824 825 1889 in
859 1824 1008 1890 omnibus
1040 1825 1159 1910 gratias
1192 1843 1284 1909 agere
1298 1819 1337 1882 12

132 1934 279 2011 debeam,
309 1951 370 1997 non
398 1932 501 1997 dicarn
534 1932 565 1996 in
599 1932 650 1997 his
678 1932 776 1997 tantis
805 1936 838 1997 et
869 1931 989 1997 talibus
1017 1951 1097 2015 quae
1125 1932 1209 1997 circa
1234 1950 1285 1996 me

132 2041 276 2105 conferre
305 2040 528 2123 dignatusest
554 2039 773 2124 indignsmet
800 2058 861 2104 nou
890 2043 1074 2117 merentem,
1103 2042 1141 2104 ut
1167 2058 1285 2123 peram-

86 2146 280 2211 rotularem
304 2146 408 2211 omnia
430 2146 510 2222 loca,
536 2164 616 2228 quae
640 2147 702 2210 mei
725 2146 833 2210 meriti
855 2165 915 2211 non
940 2150 1037 2222 erant,
1060 2148 1166 2211 tamen
1189 2145 1285 2209 etiam

134 2256 168 2317 et
190 2253 258 2317 illis
282 2252 428 2317 omnibus
457 2252 574 2318 sanctis
597 2272 654 2317 nec
678 2252 803 2317 sufficio
832 2252 951 2337 gratias
973 2272 1078 2337 agere,
1106 2252 1160 2334 qui
1184 2268 1286 2316 meam

132 2360 329 2442 paruitatem
366 2359 575 2444 dignabantur
615 2359 645 2424 in
688 2359 756 2424 suis
793 2360 996 2425 monasteriis
1032 2358 1145 2423 libenti
1182 2358 1286 2423 animo

133 2465 298 2549 suscipere
316 2466 369 2529 uel
384 2469 467 2532 certe
485 2485 542 2549 per
561 2464 665 2530 omnia
682 2465 753 2530 loca
773 2464 778 2550 Ι
800 2466 965 2542 deducere,
985 2484 1065 2547 qnae
1083 2485 1142 2550 ego
1162 2483 1288 2548 semper
1342 2462 1409 2553 [37]

131 2571 223 2637 iuxta
252 2572 425 2655 scripturas
456 2574 581 2637 sanctes
609 2571 818 2655 requirebam.
851 2572 986 2637 Plurimi
1014 2576 1121 2637 autem
1143 2590 1180 2637 er
1207 2570 1286 2654 ipsis

84 2704 112 2743 ro
133 2676 268 2755 sanctis,
292 2678 346 2759 qui
369 2678 400 2742 in
421 2681 559 2743 montem
579 2678 639 2742 Dei
658 2678 711 2741 uel
730 2678 813 2743 circa
830 2677 937 2761 ipsum
955 2681 1096 2743 montem
1114 2696 1287 2743 commora-

131 2784 262 2861 bantur,
286 2784 408 2871 dignati
431 2788 506 2851 sunt
529 2804 586 2851 nos
610 2804 710 2868 usque
734 2786 765 2850 in
790 2786 891 2851 Faran
916 2786 1079 2861 deducere,
1104 2787 1159 2867 qni
1181 2791 1286 2850 tamen

131 2890 260 2958 fortiori
283 2911 411 2976 corpore
435 2896 538 2957 erant:

176 3004 227 3067 Ac
251 2999 298 3065 sic
322 3018 395 3084 ergo
420 3018 493 3064 cum
516 2999 773 3083 peruenissemus
798 2998 910 3078 uana,
933 2999 1020 3083 quod
1042 3002 1118 3065 sunt
1140 3018 1158 3064 a
1180 3001 1287 3063 monte
1319 2994 1342 3055 6

131 3108 194 3173 Dei
214 3106 306 3172 milia
322 3107 453 3192 triginta
473 3109 505 3171 et
524 3106 673 3189 quinque,
697 3125 827 3171 necesse
846 3126 902 3172 nos
926 3106 989 3172 fuit
1005 3106 1051 3172 ibi
1070 3106 1110 3170 ad
1127 3126 1287 3171 resumen-

87 3234 112 3273 n
133 3213 214 3279 dum
237 3211 335 3277 biduo
364 3211 536 3277 immorari.
564 3213 611 3277 Ac
633 3212 729 3277 tertia
752 3211 803 3277 die
826 3212 899 3276 inde
921 3215 1116 3277 maturantes
1140 3213 1287 3277 uenimus

131 3320 240 3384 denuo
265 3317 304 3382 ad
327 3318 535 3395 mansionem,
560 3319 663 3384 idest
684 3319 716 3384 in
736 3319 897 3384 desertum
915 3319 1026 3395 Paran,
1049 3318 1105 3383 ubi
1125 3322 1158 3384 et
1177 3322 1287 3383 euntes

132 3444 365 3501 manseramus,
381 3425 466 3490 sicut
480 3428 512 3490 et
526 3426 673 3508 superius
688 3425 761 3489 diri.
784 3425 862 3491 Inde
877 3424 978 3491 denuo
993 3426 1056 3489 alia
1071 3425 1122 3489 die
1136 3425 1287 3490 iacientes

131 3552 253 3617 aquam
272 3535 305 3597 et
321 3534 432 3597 euntes
453 3530 557 3597 adbuc
576 3532 810 3615 aliquantulum
833 3531 915 3597 iuter
936 3536 1061 3597 montes
1085 3532 1287 3616 pernenimns

131 3638 173 3704 ad
199 3638 408 3715 mansionem,
438 3656 518 3721 quae
542 3642 609 3703 erat
630 3638 693 3703 ism
719 3657 815 3721 super
836 3657 933 3711 mare,
961 3638 995 3703 id
1018 3638 1123 3703 estin
1147 3656 1183 3701 eo
1206 3638 1287 3713 loco,

86 3752 112 3792 ⁸⁰
131 3746 191 3810 ubi
215 3746 279 3808 iam
305 3743 342 3808 de
365 3745 448 3809 iuter
471 3747 595 3809 montes
615 3744 718 3809 exitur
740 3750 772 3809 et
795 3744 948 3827 incipitur
970 3745 1073 3809 denuo
1096 3746 1200 3809 toturn
1223 3744 1287 3808 iam

132 3854 225 3917 iuxta
249 3869 333 3915 mare
357 3850 523 3925 ambulari,
547 3852 594 3915 sio
617 3853 724 3915 tamen
748 3852 835 3915 iuxta
858 3870 955 3927 mare,
979 3855 1016 3915 ut
1039 3850 1146 3915 subito
1170 3850 1287 3916 fluctus

132 3957 327 4024 animalibus
361 3955 457 4039 pedes
491 3957 611 4035 caedat,
640 3956 746 4022 subito
781 3956 877 4021 etiam
910 3959 943 4021 et
969 3956 1000 4021 in
1030 3961 1157 4021 centnm
1191 3964 1223 4021 et
1254 3958 1286 4021 in

168 4190 186 4241 5
206 4202 225 4253 p
246 4188 320 4237 etate
340 4184 366 4237 A
386 4200 434 4253 per
452 4188 525 4237 etate
545 4182 747 4253 Pomialowsby
822 4184 854 4237 lb
873 4184 961 4252 eraut]
984 4200 1022 4236 un
1041 4184 1120 4238 erat?
1193 4184 1228 4238 23
1247 4183 1287 4237 ia·

129 4291 191 4329 ram
211 4274 240 4327 A
332 4288 384 4341 quo
406 4270 583 4327 Obododniolc
673 4272 706 4325 27
731 4271 863 4325 iacientes
887 4288 976 4325 arcam
994 4272 1099 4325 Purser
1115 4272 1147 4325 in
1170 4270 1289 4326 editione

128 4360 343 4418 chardiuna
361 4361 413 4415 iter
431 4359 563 4415 iacientes
584 4359 618 4415 ad
637 4376 734 4431 aquam
756 4360 932 4415 Choloolniolc
984 4360 1020 4415 32
1039 4359 1118 4414 cedat
1136 4361 1163 4413 A
