3125 4942
620 475 867 529 adamnanus
1250 475 1314 540 237

165 671 328 737 sudarium
358 675 462 756 patres
491 671 565 735 filiis
595 670 633 735 de
662 671 807 735 eiusdem
834 672 883 735 ter
909 671 994 735 beati
1025 670 1163 735 hominis
1197 671 1316 736 semine

164 778 228 843 nati
257 779 348 862 quasi
377 778 566 844 hereditario
595 779 662 842 iure
691 777 801 842 fideles
829 777 976 842 fidelibus
1000 777 1174 842 secundum
1207 797 1314 843 eorum

163 886 328 969 prosapiae
361 886 473 950 seriem
506 885 642 950 fideliter
673 903 776 968 usque
809 883 848 948 ad
881 885 1022 966 quintam
1055 883 1316 948 commendabant

163 993 408 1076 generationem.
434 990 496 1056 Sed
519 995 593 1075 post
616 991 743 1075 quintae
768 991 980 1076 generationis
1003 995 1147 1074 tempora
1165 1009 1314 1055 annorum

134 1122 146 1164 o
163 1099 274 1164 multis
299 1099 501 1182 processibus
525 1099 694 1162 transactis
714 1097 856 1162 eiusdem
878 1097 1075 1182 cognationis
1095 1096 1315 1161 deficientibus

163 1205 363 1269 hereditariis
392 1204 540 1269 fidelibus
570 1223 694 1269 sacrum
717 1204 852 1269 linteum
877 1204 908 1267 in
932 1222 1046 1268 manns
1070 1203 1248 1285 aliquorum
1271 1203 1315 1266 in·

162 1311 306 1377 fidelium
337 1311 525 1377 Indaeorum
560 1311 698 1389 deuenit,
732 1311 787 1394 qui
819 1314 852 1376 et
881 1311 954 1394 ipsi,
987 1309 1164 1393 quamlibet
1193 1309 1315 1393 indigni

161 1419 220 1482 tali
252 1439 392 1498 munere,
419 1422 524 1483 tamen
557 1417 638 1482 illud
669 1417 841 1483 honorifice
873 1417 1008 1501 amplexi
1041 1416 1148 1481 diuina
1180 1416 1315 1482 donante

161 1525 332 1608 largitione
359 1525 453 1590 nimis
478 1525 614 1590 diuersis
638 1524 826 1606 locupletati
850 1525 964 1606 opibus
989 1523 1106 1588 diuites
1130 1523 1207 1588 faeti
1230 1527 1315 1587 sunt.

124 1657 146 1696 ro
162 1631 273 1696 Iudaei
296 1650 371 1697 uero
396 1631 558 1696 eredentes
584 1633 650 1696 orta
674 1631 705 1694 in
730 1631 849 1714 populo
873 1631 911 1695 de
936 1630 1062 1696 sudario
1082 1628 1211 1694 Domini
1230 1633 1316 1694 certa

161 1738 339 1803 narratione
372 1741 545 1821 coeperunt
577 1757 648 1802 cum
679 1737 862 1802 infidelibus
894 1737 1022 1802 Iudaeis
1056 1737 1094 1800 de
1132 1754 1221 1800 sacro
1259 1733 1314 1798 illo

160 1844 344 1910 linteamine
372 1845 496 1910 fortiter
525 1843 723 1921 contendere,
751 1845 829 1908 totis
862 1843 985 1908 uiribus
1016 1842 1096 1907 illud
1129 1844 1314 1924 appetentes

161 1953 192 2015 in
220 1971 334 2016 manus
359 1951 509 2034 occipere.
543 1949 630 2030 Quae
654 1950 787 2016 subnixa
810 1950 970 2016 contentio
993 1948 1314 2032 Hierosolymitanam

161 2058 288 2140 plebem
312 2058 343 2122 in
368 2058 446 2122 duas
472 2057 597 2122 diremit
620 2061 735 2141 partes,
755 2058 815 2123 hoc
840 2060 889 2122 est
911 2055 1021 2121 fideles
1040 2055 1186 2120 credulos
1206 2056 1315 2118 contra

121 2181 145 2219 1⁵
161 2163 305 2228 infideles
328 2164 518 2229 incredulos.
543 2163 633 2229 Unde
658 2166 692 2228 et
714 2163 941 2229 Saracenorum
964 2181 1017 2226 rex
1040 2161 1165 2227 nomine
1189 2159 1313 2225 Manias

162 2271 199 2335 ab
228 2269 372 2351 utrisque
399 2269 618 2352 interpellatus
646 2271 791 2353 partibus
820 2269 859 2334 ad
883 2288 937 2334 eos
960 2267 1141 2333 incredulos
1166 2265 1312 2342 Iudaeos,

162 2378 216 2460 qui
230 2377 394 2442 sudarium
410 2377 538 2442 Domini
552 2377 754 2459 pertinaciter
768 2376 956 2452 retinebant,
972 2394 1076 2440 coram
1090 2373 1312 2456 praesentibus

160 2481 287 2548 Indaeis
316 2483 503 2549 Christianis
536 2483 619 2547 inter
651 2487 805 2566 utrosque
834 2482 1011 2547 diiudicans
1042 2481 1135 2545 dixit:
1168 2479 1313 2545 ‘Sacrum

162 2589 246 2673 quod
277 2591 401 2655 habetis
432 2589 602 2654 linteolum
636 2589 708 2654 date
739 2590 771 2654 in
803 2609 908 2654 meam
940 2588 1090 2653 manum'.
1133 2586 1195 2667 Qui
1228 2585 1312 2669 regis

120 2715 144 2754 ²0
161 2697 258 2762 uerbo
291 2697 543 2780 obtemperantes
575 2685 656 2760 illud
688 2696 726 2760 de
764 2696 878 2760 scrinio
911 2696 1106 2778 proferentes
1138 2692 1312 2778 regnatoris

160 2805 192 2869 in
220 2804 325 2869 sinum
355 2803 524 2887 deponunt.
569 2801 659 2881 Quod
689 2823 762 2868 cum
790 2823 906 2886 magna
933 2801 1109 2867 reuerentia
1136 2799 1312 2881 suscipiens

161 2931 213 2975 rex
235 2911 267 2975 in
291 2909 397 2993 platea
421 2929 524 2974 coram
546 2910 631 2973 omni
651 2909 770 2992 populo
790 2927 904 2994 rogum
922 2907 990 2972 fieri
1008 2907 1115 2982 iussit,
1135 2925 1197 2988 quo
1216 2904 1313 2968 nimia

159 3017 405 3081 inflammatione
438 3015 565 3080 ardente
599 3035 732 3100 surgens
765 3015 834 3098 ipse
873 3017 905 3079 et
941 3014 980 3078 ad
1016 3013 1125 3096 ipsum
1160 3010 1312 3075 accedens

161 3143 274 3208 rogum
299 3124 423 3188 eleuata
446 3141 526 3187 uoce
550 3121 589 3186 ad
613 3126 765 3204 utrasque
791 3121 953 3186 discordes
973 3120 1051 3184 dixit
1069 3121 1190 3203 partes:
1209 3117 1311 3182 ‘Nunc

119 3251 143 3290 as
162 3230 309 3296 Christus
338 3229 448 3294 rnundi
472 3229 612 3293 saluator
635 3245 749 3311 passus
773 3247 829 3309 pro
853 3228 990 3291 humano
1015 3245 1138 3310 genere,
1163 3224 1217 3307 qui
1241 3223 1310 3300 hoc,
1398 3209 1402 3220 ⁴

198 3510 211 3562 1
233 3509 358 3562 seminati
378 3508 422 3561 Br
475 3505 599 3561 fifidelis
622 3507 651 3560 Y
719 3505 846 3559 fidelibus
865 3506 922 3558 auia
944 3503 974 3558 Y
1043 3501 1189 3557 secundnm
1209 3517 1261 3554 orn.
1285 3499 1314 3553 Y

160 3600 315 3667 4tempora
328 3597 512 3667 generationis
527 3595 569 3650 Br
606 3595 780 3650 filinteolnm
794 3595 821 3648 Z
873 3592 1036 3648 manibnsZ
1049 3607 1118 3647 corr.
1132 3592 1164 3644 ia
1175 3606 1271 3644 manua
1286 3588 1314 3642 Y

161 3687 313 3755 aliquorum
332 3701 426 3740 manus
450 3685 479 3739 Y
566 3685 580 3738 7
607 3683 719 3738 deuenit
742 3681 900 3736 iudaeorum
919 3682 962 3734 Br
1070 3676 1263 3750 quamuislibet
1285 3677 1314 3731 Y

162 3801 297 3856 9diuersi
321 3801 349 3855 Y
435 3801 566 3870 locupleti
589 3799 618 3854 Y
701 3758 772 3852 dites
791 3798 834 3851 Br
908 3798 940 3851 13
959 3797 1220 3851 hierosolimitanam
1243 3793 1312 3846 YBr

163 3893 195 3946 14
214 3890 282 3944 duos
301 3891 329 3944 Z
414 3889 518 3944 dirimit
539 3888 610 3944 YBr
627 3889 744 3958 disrupit
762 3889 790 3941 Z
869 3891 960 3957 partes
980 3901 1030 3939 oni.
1050 3886 1076 3938 Z
1157 3886 1251 3937 contra
1268 3882 1337 3934 in-·

162 3977 254 4032 fideles
273 3975 428 4032 incredulos
448 3994 498 4031 om.
518 3977 560 4030 Br
599 3977 630 4031 15
650 3977 833 4030 saracinorum
856 3975 1101 4028 Yaerracenorrnu
1120 3971 1163 4025 Br
1216 3970 1311 4024 nauias

155 4093 220 4198 ’Ζινιω
248 4094 281 4147 17
300 4059 475 4163 ρθήίηεῆἰῐετ
494 4109 563 4147 corr.
583 4093 677 4146 eudem
695 4109 729 4146 nr.
747 4093 774 4145 Ζ
821 4091 853 4144 18
874 4089 1031 4144 deiudicana
1051 4090 1104 4143 YZ
1153 4087 1186 4141 19
1205 4101 1309 4150 maeam

162 4226 247 4274 ineam
271 4225 342 4264 corr.
366 4209 460 4263 eadem
477 4226 511 4262 m.
532 4210 558 4262 Z
575 4225 636 4262 mea
658 4223 740 4260 manu
758 4207 802 4260 Br
891 4207 926 4260 20
947 4207 974 4258 in
998 4203 1149 4274 regnatoris
1173 4202 1261 4255 sinum
1284 4200 1313 4253 Y

162 4297 312 4366 regnatoris
331 4295 359 4349 in
380 4297 440 4350 sinn
459 4295 501 4349 Br
550 4297 586 4348 24
606 4312 624 4348 a
643 4295 734 4350 uerbis
753 4295 822 4348 dixit
840 4298 932 4363 partes
951 4293 1040 4347 darno
1059 4292 1157 4359 incipit
1175 4291 1202 4343 P
1219 4294 1309 4360 partes

164 4387 228 4440 dixit
246 4387 274 4440 Z
327 4386 361 4440 25
382 4385 476 4439 christi
495 4386 522 4438 P
