3125 4942
619 471 868 526 Adamnanus
1256 474 1320 536 295

165 671 291 735 stercus
320 669 451 734 inferius
478 669 584 733 iacens
612 668 747 752 proiecit
774 668 900 750 etipse
924 665 1133 750 supersedens
1156 665 1317 750 peridem

162 775 305 841 foramen
334 776 443 840 aluum
471 793 612 859 purgans
639 774 758 858 proprii
788 777 911 839 stercus
940 773 1061 838 uentris
1090 791 1186 856 super
1212 773 1318 837 thora·

163 883 267 948 uidam
300 883 411 948 beatae
443 881 563 947 Mariae
594 881 691 965 paulo
725 884 797 945 ante
829 881 909 946 inibi
941 879 1119 964 depositam
1153 878 1318 945 dimittens

161 989 375 1054 stolidissime
403 1008 501 1072 agens
528 987 643 1053 effudit
670 991 702 1052 et
728 991 804 1071 post
830 988 1050 1071 turpissimam
1077 987 1166 1052 illam
1193 987 1316 1051 uentris

128 1095 383 1180 spurgationem
414 1095 470 1160 ille
501 1095 743 1160 infelicissimus
780 1095 930 1160 discessit
965 1094 1071 1159 homo.
1118 1092 1204 1173 Quid
1239 1113 1315 1158 uero

158 1207 274 1286 postea
302 1203 404 1288 gessit
430 1205 486 1268 aut
508 1201 667 1285 quomodo
691 1201 773 1267 uixit
793 1202 848 1266 uel
872 1201 998 1285 qualem
1026 1201 1113 1266 uitae
1142 1199 1313 1264 terminum

157 1311 284 1388 habuit,
318 1309 539 1392 inconpertum
572 1307 716 1376 habetur.
763 1309 868 1393 Igitur
898 1310 974 1390 post
1009 1307 1098 1372 illius
1136 1307 1312 1372 discessum

156 1416 293 1502 maligni
321 1415 403 1481 alius
432 1414 470 1480 ds
499 1413 752 1481 Christianorum
779 1415 873 1496 plebe
901 1415 1086 1497 superuenit
1111 1413 1187 1478 felix
1217 1413 1312 1479 homo

156 1525 327 1607 zelotypus
360 1522 588 1588 dominicarum
621 1541 739 1597 rerum;
778 1522 895 1598 sciens,
929 1521 1014 1604 quod
1045 1520 1167 1584 factum
1198 1519 1313 1598 luerat,

114 1655 139 1695 ro
155 1631 331 1716 imaginem
362 1633 490 1694 sanctae
512 1628 631 1693 Mariae
658 1627 829 1710 requisiuit
852 1631 886 1694 st
906 1627 990 1692 inter
1011 1627 1151 1692 humana
1173 1629 1313 1694 stercore

156 1737 378 1803 absconditam
406 1735 571 1800 inuenieus
600 1734 785 1800 subleuauit
812 1739 845 1800 st
872 1734 1042 1818 diligenter
1068 1735 1255 1818 abstergens
1280 1736 1313 1798 et

154 1844 269 1909 lauans
294 1843 384 1926 aquis
409 1841 595 1908 emundauit
617 1841 839 1907 mundissimis
859 1861 1033 1924 secumque
1051 1841 1084 1904 in
1103 1841 1196 1907 domo
1216 1841 1311 1906 hono·

153 1951 244 2016 rilice
264 1951 460 2016 conlocatam
479 1949 601 2016 habuit.
626 1949 743 2014 Mirum
762 1949 861 2027 dictu,
877 1969 914 2013 er
933 1949 1043 2013 eadem
1060 1948 1173 2013 beatae
1190 1947 1311 2013 Mariae

153 2057 305 2141 imaginis
329 2056 439 2122 tabula
462 2075 574 2120 uerum
600 2056 756 2121 ebulliens
782 2055 918 2121 distillat
941 2075 1066 2139 semper
1089 2056 1205 2130 oleum,
1225 2055 1310 2137 quod

110 2189 135 2228 rs
153 2161 319 2242 Amulius,
340 2165 377 2228 ut
399 2163 514 2228 referre
539 2164 630 2238 solet,
649 2163 785 2246 propriis
810 2162 973 2247 conspexit
991 2163 1103 2229 oculis.
1127 2163 1198 2227 Hoc
1216 2162 1309 2226 mira-

151 2271 217 2336 bile
253 2271 358 2336 oleum
387 2271 538 2334 honorem
565 2273 761 2354 protestatur
787 2271 908 2336 Mariae
934 2271 1047 2335 matris
1076 2268 1195 2334 domini
1222 2270 1307 2350 Iesu,

152 2377 192 2442 de
217 2395 282 2460 quo
305 2379 396 2462 pstor
424 2378 483 2442 eit:
511 2378 551 2442 In
580 2379 661 2442 oleo
690 2380 820 2443 sancto
849 2396 930 2443 meo
956 2377 1073 2442 liniui
1100 2396 1192 2441 eum.
1225 2377 1306 2442 Item

149 2483 411 2568 psalmigraphus
436 2483 605 2568 adipsum
628 2484 731 2550 filium
751 2484 803 2550 dei
822 2485 966 2577 loquitur
984 2485 1106 2548 dicens:
1133 2483 1247 2549 Unxit
1270 2493 1306 2548 te

151 2589 247 2655 deus
276 2589 369 2655 deus
400 2593 491 2655 tuus
515 2591 598 2656 oleo
622 2591 799 2657 laetitiae
822 2611 909 2676 prae
932 2591 1190 2675 participibus
1212 2591 1304 2656 tuis.

107 2722 132 2764 ro
194 2697 287 2761 Haec
313 2697 432 2780 itaque,
461 2717 541 2781 quae
569 2699 726 2782 superius,
756 2698 795 2763 de
823 2698 1142 2782 constantinopoleos
1174 2697 1241 2762 situ
1274 2700 1306 2762 et

149 2803 334 2869 conditione
356 2823 413 2869 nec
437 2823 499 2869 non
524 2807 556 2870 et
579 2805 617 2870 de
640 2807 697 2870 ills
715 2807 852 2871 rotunda
870 2806 1015 2883 ecclesia,
1033 2807 1066 2871 in
1085 2824 1148 2888 qus
1166 2805 1304 2870 salutare

147 2911 275 2994 lignum
297 2911 496 2976 reconditum
518 2911 663 2992 hebetur,
684 2916 716 2978 et
739 2917 842 2978 cetere
865 2912 903 2977 ab
927 2932 981 2978 ore
1004 2913 1107 2979 sancti
1130 2913 1304 2978 sacerdotis

147 3015 272 3082 Arculfi
295 3017 417 3083 intente
441 3017 623 3098 didicimus,
648 3020 702 3102 qni
726 3019 758 3084 in
783 3019 894 3084 eadem
915 3020 1065 3103 primaria
1086 3019 1221 3084 Romani
1244 3019 1304 3083 im-

146 3122 230 3206 perii
263 3122 395 3188 ciuitate
431 3145 450 3188 a
485 3125 627 3207 paschali
666 3126 869 3192 solemnitate
901 3145 1003 3210 usque
1035 3128 1074 3190 ad
1108 3127 1301 3193 dominicum

242 3297 275 3350 17
294 3297 394 3351 Psalm.
414 3297 458 3367 88,
478 3299 511 3355 21
570 3301 603 3354 18
622 3301 722 3356 Psalm.
742 3302 786 3366 44,
806 3303 822 3356 8

182 3411 199 3464 2
230 3411 332 3476 elbum,
355 3411 405 3468 sed
426 3429 495 3468 corr.
514 3415 568 3470 PZ
673 3418 831 3474 toraciclarn
849 3417 877 3470 P
897 3418 1036 3472 torciclam
1059 3418 1088 3472 Y
1107 3416 1256 3472 toracidam
1275 3417 1302 3472 Ζ

144 3498 303 3554 toraclicam
322 3499 367 3554 Br
428 3503 522 3556 det?
547 3507 610 3574 post
629 3521 697 3558 corr.
717 3509 879 3576 eapropter
897 3506 924 3559 Z
1012 3507 1129 3576 uentris]
1149 3507 1234 3567 uenit,
1252 3507 1302 3560 sed

145 3601 217 3640 cora.
238 3592 266 3643 2.
281 3605 316 3645 m.
330 3589 374 3642 Br
427 3591 444 3644 6
463 3595 559 3661 postea
577 3606 647 3647 cour.
668 3610 701 3647 ec·
719 3597 863 3664 propterea
877 3595 904 3650 Ζ
955 3595 1001 3648 uel
1020 3595 1154 3664 quomodo
1172 3595 1241 3648 uixit
1255 3597 1300 3649 uel

146 3675 228 3745 quale
248 3679 296 3730 sut
314 3678 458 3732 terminum
477 3680 521 3734 Br
591 3682 740 3752 8rnaligni
760 3685 841 3754 alius]
860 3685 1007 3754 magnillus
1027 3683 1070 3737 Br
1130 3683 1299 3752 tlzelotipns

145 3763 225 3818 codd.
300 3765 334 3820 10
352 3767 380 3820 in
399 3767 517 3838 imagine
537 3771 565 3824 Ζ
631 3771 662 3826 11
684 3771 842 3843 abstergens
862 3777 891 3827 et
909 3791 960 3828 om.
979 3773 1006 3827 Z
1075 3774 1109 3827 12
1128 3773 1208 3826 domu
1230 3773 1300 3827 YBr

147 3852 320 3908 radiemur
358 3856 390 3909 14
401 3855 571 3930 oleumpBr
608 3861 780 3916 lbhorcmP
835 3861 939 3916 domini
951 3863 1038 3916 nostri
1052 3863 1110 3916 iesu
1121 3862 1215 3917 christi
1229 3861 1298 3916 YBr

145 3941 177 3994 17
197 3942 241 3994 ait
259 3943 486 4012 perprophetam
509 3946 538 4000 Y
606 3949 675 4004 linui
694 3966 763 4005 corr.
782 3954 805 4004 1.
820 3969 855 4006 m.
870 3950 913 4006 Br
968 3953 1000 4006 18
1020 3952 1112 4006 uncxit
1132 3951 1161 4005 Y
1230 3951 1297 4004 dens

142 4029 188 4083 'tus
206 4029 221 4082 l
239 4045 253 4082 r
270 4029 294 4082 t,
312 4029 356 4085 ur
445 4034 480 4088 20
498 4035 549 4090 boc
567 4037 611 4090 Br
709 4055 778 4109 quae
798 4057 850 4096 om.
870 4041 897 4095 Z
999 4040 1252 4110 constantinopoleo
1271 4040 1300 4093 P

144 4119 176 4172 21
197 4119 364 4189 salutardruir
383 4138 502 4191 muns.
523 4133 559 4179 nd
578 4125 620 4181 Br
678 4129 712 4183 23
731 4130 799 4196 inte,
818 4131 867 4184 scd
884 4147 952 4188 corr.
972 4136 995 4185 1.
1014 4148 1057 4193 m.‚
1076 4136 1109 4185 at
1125 4129 1237 4183 uidcor
1253 4129 1297 4183 Br

144 4205 304 4272 dedicimus,
323 4209 372 4263 sed
389 4227 457 4265 corr.
477 4213 505 4266 Z
585 4216 661 4285 qnasi
680 4233 749 4272 corr.
770 4223 796 4272 2.
816 4236 850 4272 m.
870 4219 914 4273 Br
990 4221 1205 4290 permaximaria,
1225 4236 1293 4274 corr.

143 4298 165 4348 1.
184 4313 219 4349 m.
241 4295 283 4350 ur
372 4299 448 4370 impii
469 4317 537 4356 corr.
557 4307 584 4358 2.
604 4321 638 4358 m.
657 4305 700 4358 Br
775 4308 811 4361 24
830 4325 847 4362 a
864 4307 987 4378 paschali
1005 4309 1178 4364 solemnitate
1197 4323 1249 4362 cm.
1267 4309 1297 4362 P

142 4383 246 4452 pascali
265 4383 292 4438 Z
364 4386 546 4444 sollemnitate
564 4391 632 4446 ZBr
