3125 4942
594 469 841 528 Adsmnanus
1217 480 1281 542 227

131 664 242 745 utique
271 664 385 730 domus
418 666 479 730 tria
511 666 677 734 hominum
709 668 798 734 milla
829 669 936 744 slmul
965 674 1001 734 ut
1033 670 1142 750 fertur,
1171 691 1282 756 capere

130 773 248 853 petest.

173 877 325 944 Arcnllus
368 879 476 962 itaque
513 881 551 945 de
587 881 691 963 ipsius
729 883 870 948 ciuitatis
906 884 1099 950 habitaculis
1137 904 1155 948 a
1190 884 1282 949 nobis

130 983 342 1067 interrogatus
365 985 558 1067 respondens
583 987 640 1052 ait:
665 987 796 1052 Memini
819 1010 870 1054 me
895 994 928 1054 et
949 989 1071 1054 uidisse
1090 994 1123 1054 et
1140 989 1282 1072 frequen·

105 1094 214 1154 alasse
247 1093 352 1155 multa
383 1090 524 1157 ciuitatis
558 1093 701 1159 eiusdem
735 1093 880 1160 aedificia
910 1095 1130 1178 plurimasque
1167 1097 1280 1162 domus

130 1196 263 1281 grandes
291 1197 432 1280 lapideas
459 1217 516 1282 per
541 1202 643 1264 totam
670 1219 819 1284 magnam
847 1202 1011 1266 ciuitatem
1043 1202 1126 1266 intra
1157 1205 1282 1269 moenia

130 1303 326 1369 circumdata
362 1305 442 1370 mira
477 1306 647 1372 fabricatas
681 1312 746 1372 arte
780 1308 907 1392 saepius
940 1309 1167 1391 considerasse,
1201 1331 1281 1394 quae

130 1411 235 1476 omnia
257 1431 341 1476 nunc
365 1433 383 1477 a
405 1413 495 1478 nohis
521 1417 595 1480 sunt
612 1415 901 1497 praetermittenda,
921 1420 959 1481 ut
977 1417 1121 1494 aestimo,
1141 1417 1280 1499 exceptis

130 1535 237 1582 eornm
270 1517 485 1584 aedificiorum
517 1523 697 1601 structuris,
727 1542 808 1605 quae
840 1523 871 1586 in
903 1523 984 1588 locis
1017 1524 1148 1600 sanctis,
1177 1525 1280 1589 crucis

91 1647 113 1688 re
130 1624 281 1690 uidelicet
308 1629 341 1690 et
367 1627 616 1706 resurrectionis,
645 1629 776 1694 mirifice
804 1630 960 1694 fabricata
987 1633 1072 1706 sunt,
1096 1630 1135 1696 de
1163 1631 1281 1713 quihus

129 1731 315 1816 diligentins
353 1737 498 1800 sanetum
530 1735 797 1821 interrogauimus
830 1737 1006 1814 Arcullum‚
1039 1739 1209 1820 praecipue
1242 1739 1281 1802 de

130 1839 298 1922 sepulchro
313 1840 441 1906 Domini
461 1844 493 1907 et
512 1842 648 1908 ecclesia
666 1862 761 1926 super
777 1843 859 1907 illud
880 1845 1073 1922 constructa,
1088 1844 1180 1909 cuius
1200 1843 1278 1907 mihi

129 1946 262 2010 formam
285 1947 318 2011 in
341 1948 452 2013 tabula
474 1953 580 2014 cerata
603 1949 671 2033 ipse
694 1950 845 2014 hrcullus
870 1949 1020 2031 depinxit.

129 2153 162 2208 II.
185 2155 235 2209 nn
258 2154 434 2210 decussus
456 2156 655 2212 ROTVNDAE
678 2157 877 2212 FORMVLAII
901 2155 1017 2211 SVPER
1037 2154 1278 2210 sstLcflnvsl

91 2253 112 2292 rs
163 2243 302 2298 DOMINI
321 2244 539 2300 nnnrrlcnra
557 2245 604 2300 ΕΤ
623 2246 671 2300 ΒΕ
690 2245 806 2301 IPSIVS
827 2245 1027 2300 SEPVLCIIRI
1045 2245 1181 2300 FIGVRA
1199 2244 1244 2299 ΕΤ

549 2335 632 2390 EIVS
651 2335 858 2393 TEGVRIOLI.

171 2477 260 2558 Quae
283 2479 394 2560 utique
417 2477 510 2544 ualde
534 2479 662 2562 grandis
687 2479 823 2544 ecclesia
844 2483 913 2544 tcta
929 2479 1056 2561 lapidea
1073 2479 1155 2542 mira
1171 2482 1278 2544 rctun-

128 2584 224 2650 ditate
250 2603 285 2650 ex
310 2585 395 2648 omni
413 2586 503 2667 parte
523 2586 687 2652 conlocata
704 2603 723 2650 a
741 2586 956 2651 fundamentis
975 2585 1008 2649 in
1026 2585 1129 2650 trihus
1150 2604 1277 2650 consur-

127 2709 202 2772 gens
221 2689 397 2773 parietibus
415 2689 498 2754 iuter
516 2709 774 2774 unumquemque
794 2690 944 2772 parietem
966 2694 998 2755 et
1022 2689 1157 2754 alterum
1174 2690 1277 2754 latum

87 2813 110 2852 2⁰
126 2796 243 2862 habens
264 2797 404 2878 spatham
424 2797 505 2873 uiae,
521 2797 581 2861 tria
600 2816 725 2879 quoque
745 2798 858 2862 altaria
876 2799 907 2862 in
926 2797 1029 2862 trihus
1047 2797 1128 2861 lccis
1146 2796 1276 2878 parietis

125 2903 221 2969 medii
245 2903 365 2968 artifice
388 2904 565 2969 fabricatis:
589 2905 668 2968 hanc
692 2905 862 2969 rotundam
881 2907 913 2969 et
931 2923 1088 2968 summam
1109 2903 1276 2968 ecclesiam

125 3029 219 3094 supra
233 3013 409 3076 memorata
422 3010 591 3076 habentem
607 3012 728 3088 altaria,
745 3031 841 3076 unum
858 3011 897 3075 ad
911 3010 1075 3075 meridiem
1093 3009 1275 3092 respicens,

124 3118 258 3182 alterum
283 3117 323 3180 ad
346 3117 536 3200 aquilonem,
560 3118 690 3182 tertium
715 3117 753 3182 ad
782 3137 930 3182 occasum
959 3135 1083 3195 uersus,
1108 3114 1275 3180 duodecim

124 3223 219 3288 mirae
247 3222 475 3309 magnitudinis
503 3222 644 3306 lapideae
673 3226 855 3289 sustentant
887 3223 1063 3288 columnae.
1104 3221 1191 3286 Haec
1224 3221 1274 3285 bis

162 3435 173 3485 1
196 3435 228 3486 ut
247 3430 334 3486 fertrm
351 3419 395 3486 III
412 3430 549 3485 hominnm
569 3429 649 3485 simul
672 3430 701 3484 Y
753 3431 768 3484 3
788 3431 907 3485 Initium
925 3432 968 3484 11.
983 3447 1043 3499 cap.
1058 3431 1086 3484 Z
1102 3445 1180 3484 noua
1198 3429 1275 3484 linea

122 3524 152 3576 ἐπ
174 3522 203 3576 Υ
228 3521 256 3575 Π
279 3521 320 3575 De
344 3520 457 3575 ecclesia
480 3519 612 3574 rotundae
635 3520 767 3573 formulae
787 3536 869 3588 snper
887 3520 1059 3590 sepulchrum
1079 3519 1181 3572 demini
1200 3517 1273 3571 aedi·

122 3613 202 3666 ficata
224 3611 268 3664 Br
375 3607 408 3662 de
436 3609 521 3680 ipsine
550 3609 670 3663 ciuitatis
698 3608 862 3662 habitaculis
890 3625 942 3662 om.
965 3610 993 3663 Z
1081 3607 1224 3662 abitaculis
1246 3606 1275 3660 P

121 3683 252 3782 caducis
275 3741 343 3780 corr.
366 3729 388 3778 1.
413 3741 447 3778 m.
471 3724 514 3778 Br
569 3724 662 3778 domos
685 3725 729 3778 Br
782 3725 925 3778 9sanctis
948 3739 1001 3780 om.
1019 3723 1062 3776 Br
1136 3723 1169 3776 10
1196 3723 1270 3776 miri·

120 3817 186 3880 ficas
209 3831 280 3870 corr.
303 3815 346 3868 Br
434 3813 584 3868 fabricatae
613 3813 640 3868 P
729 3815 760 3867 11
797 3812 943 3882 diligenter
970 3813 1013 3866 Br
1120 3812 1272 3880 interroga-

120 3904 207 3959 uimns
227 3906 350 3958 sanetum
366 3902 408 3955 Br
449 3903 482 3956 12
497 3902 619 3972 sepulcro
639 3902 746 3968 PYBr,
765 3902 988 3970 asperumque
1006 3900 1082 3954 alica
1100 3899 1271 3970 sepulchrum

118 4021 250 4076 scribitur
304 4018 498 4074 reformatam
518 4018 562 4072 Br
633 4017 750 4072 arcullus
769 4035 820 4071 om.
839 4017 868 4070 P
939 4017 1081 4085 depixitZ
1152 4015 1271 4068 Initium

119 4111 187 4165 aaut
209 4110 329 4178 capituli
351 4109 383 4161 s'u
404 4109 529 4178 margine
551 4123 664 4162 numero
687 4108 726 4160 II
748 4107 889 4174 ardscriptc
911 4105 1087 4176 aa'puaficatur
1110 4105 1127 4164 l,
1147 4108 1184 4156 10
1207 4109 1271 4157 nate

120 4199 217 4252 uerba.-
237 4197 279 4251 Dc
299 4196 396 4266 quibus
416 4202 463 4250 etc.
482 4197 510 4250 P
594 4199 626 4250 14
645 4195 673 4250 II
691 4213 796 4250 nouum
816 4195 970 4262 capitulum
988 4193 1034 4247 hic
1051 4194 1150 4261 irrupit
1167 4192 1269 4246 solum·

120 4287 197 4341 modo
216 4286 252 4347 Ζ,
271 4285 370 4340 titulus
389 4285 461 4340 deest
515 4285 704 4340 armenios
774 4284 908 4338 fabricata
928 4283 958 4338 Y
1009 4285 1042 4336 23
1062 4281 1172 4336 tertium
1192 4295 1269 4333 occa-

121 4393 179 4430 sum
199 4391 291 4430 uersns
316 4373 344 4428 Y

1184 4475 1232 4528 15*
