3125 4942
266 443 330 507 284
559 438 715 491 Itinera
744 435 1121 504 Hierosolymitana

267 634 574 718 Constantinopolim
603 631 773 716 appetinit.
795 631 828 694 in
855 649 919 712 qua
936 649 993 712 per
1014 629 1139 712 aliquot
1160 627 1344 692 demoratus
1366 631 1410 691 est

265 761 401 808 menses.
444 739 532 820 Quae
564 741 675 823 procul
702 739 801 803 dubio
827 737 962 802 Romani
990 743 1042 800 est
1066 735 1254 818 metropolis
1279 734 1408 816 imperii,

265 847 404 930 undique
428 848 506 912 mari
530 845 725 910 circumdata
748 847 879 927 excepta
899 841 1073 925 aquilonali
1094 848 1184 924 parte
1206 841 1309 917 illins,
1332 839 1410 922 qnod

265 973 350 1019 mare
368 954 424 1018 LX
446 954 577 1018 milibus
601 973 753 1036 passuum
774 951 891 1016 amari
908 971 1024 1034 magno
1043 968 1211 1032 erumpens
1230 948 1271 1013 ad
1287 967 1410 1012 murum

264 1079 367 1143 usque
400 1060 542 1126 ciuitatis
575 1059 763 1124 extenditur.
800 1061 830 1122 A
861 1077 953 1122 muro
986 1076 1062 1121 uero
1094 1055 1410 1137 constantinopoleos
1437 1077 1451 1118 s

265 1185 367 1248 usqne
391 1166 430 1229 ad
449 1167 554 1230 hostia
571 1165 708 1230 Danubii
727 1164 869 1230 fluminis
887 1165 943 1228 LX
960 1164 1092 1228 milibus
1110 1164 1171 1227 boo
1187 1163 1274 1228 idern
1292 1166 1411 1247 proten·

265 1273 353 1337 ditur
373 1292 469 1337 mare.
504 1273 591 1336 Haec
613 1273 721 1352 itaque
743 1271 946 1354 imperatoria
968 1271 1083 1335 ciuitas
1106 1289 1168 1333 non
1190 1289 1290 1350 paruo
1313 1289 1411 1334 muro

265 1399 337 1444 rum
360 1380 481 1444 ambitu
500 1399 557 1463 per
574 1379 636 1444 XII
653 1379 743 1442 milia
761 1397 915 1461 passuum
934 1377 1158 1441 circumcincta
1175 1377 1312 1460 angulos
1329 1377 1412 1441 iuxta

266 1487 364 1550 situm
393 1485 490 1550 maris
519 1486 639 1551 babens
667 1503 724 1568 per
749 1485 953 1561 maritimam,
976 1487 1014 1548 nt
1035 1483 1223 1548 Alexandria
1248 1485 1320 1549 sine
1344 1485 1412 1551 Car·

265 1593 373 1676 tbago,
398 1595 597 1658 constructor
625 1610 712 1656 oram
740 1595 774 1656 et
800 1591 840 1654 ad
862 1591 936 1674 Tyri
959 1591 1205 1656 similitudinem
1228 1593 1347 1656 crebris
1367 1592 1412 1656 in·
1429 1615 1455 1654 ιο

265 1719 363 1783 super
376 1700 518 1764 turribus
533 1699 747 1765 communitos
766 1719 885 1776 muros,
898 1698 1014 1763 domus
1031 1699 1114 1763 iutra
1130 1699 1274 1763 ciuitatis
1292 1703 1414 1764 moenia

265 1825 461 1885 numerosas,
485 1825 521 1870 ex
554 1807 671 1889 quibus
702 1805 859 1888 plurimae
890 1806 988 1869 mirae
1021 1805 1251 1888 magnitudinis
1273 1805 1412 1886 lapideae

264 1913 364 1978 instar
387 1913 506 1978 Romae
528 1911 783 1978 habitaculorum
807 1911 978 1976 fabricatae
1001 1917 1209 1994 consurgunt.

471 2104 508 2160 11.
527 2106 575 2160 DE
594 2101 823 2160 CONDITIONE
841 2102 1001 2156 mvsnsn
1020 2102 1208 2157 crunnus.

310 2232 357 2296 De
386 2232 478 2296 cuins
511 2231 691 2297 conditione
716 2231 805 2295 banc
836 2231 1039 2295 traditionem
1070 2231 1159 2294 ciues
1191 2249 1211 2292 a
1241 2229 1411 2294 maioribus
1427 2253 1450 2292 c

264 2338 498 2422 promulgatam
518 2341 661 2403 enarrant
679 2337 837 2402 dicentes:
855 2338 1031 2420 Imperator
1049 2335 1276 2402 Constantinus
1294 2335 1413 2400 infinita

264 2445 428 2510 bominum
442 2444 648 2508 multitudine
663 2447 855 2527 congregata
872 2446 905 2507 et
922 2443 1064 2525 undique
1081 2442 1214 2507 infinitis
1231 2442 1411 2525 sumptibus

262 2569 359 2633 paene
387 2550 531 2615 nuditate
561 2549 703 2614 omnium
731 2549 900 2613 ciuitatum
929 2549 1074 2614 collectis
1101 2549 1214 2612 urbem
1240 2549 1293 2612 sui
1320 2547 1413 2630 parti-

263 2659 363 2741 cipem
393 2657 531 2722 nominis
560 2656 591 2719 in
619 2659 708 2739 parte
735 2654 842 2736 Asiae,
870 2655 930 2720 hoo
959 2658 1010 2720 est
1035 2655 1068 2720 in
1097 2655 1220 2731 Cilicia,
1247 2656 1411 2720 interiecto

262 2762 352 2838 mari,
373 2761 457 2843 quod
475 2761 507 2825 in
526 2760 591 2824 illis
610 2761 726 2825 finibus
746 2761 829 2824 inter
844 2761 955 2825 Asiam
975 2765 1008 2825 et
1025 2762 1184 2843 Europam
1202 2761 1411 2835 disterminat,
1430 2783 1452 2824 ao

261 2867 425 2932 aedificare
465 2869 578 2950 coepit.
628 2865 771 2946 Quadam
810 2887 885 2932 uero
922 2871 1026 2944 nocto,
1058 2887 1132 2932 cum
1166 2868 1412 2933 innumerabiles

299 3067 387 3136 lqna
405 3083 505 3135 ecquo
525 3083 594 3122 corr.
608 3067 652 3121 Br
725 3069 800 3138 aliqd
813 3067 857 3120 Br
910 3067 1078 3137 dandique]
1097 3067 1210 3122 undeZ
1227 3067 1414 3122 uidelicetBr

261 3139 381 3252 aquinali
399 3199 468 3238 corr.
487 3187 509 3238 1.
529 3201 564 3237 m
584 3185 611 3238 Z
718 3200 825 3254 qnoque
844 3199 918 3237 mare
940 3184 970 3238 Y
1075 3201 1157 3254 quam
1179 3201 1253 3238 mare
1272 3184 1416 3254 sexaginta

261 3299 371 3353 milibus
390 3315 499 3369 passum
518 3315 586 3354 corr.
607 3301 634 3353 2.
653 3317 688 3353 m.
708 3299 751 3352 Br
822 3299 895 3353 lad
913 3316 1020 3353 murum
1039 3315 1090 3354 om.
1113 3300 1142 3354 Y
1205 3302 1328 3370 busque
1347 3300 1417 3354 ciui-

261 3393 347 3444 tatem
372 3389 440 3443 YBr
483 3461 495 3492 s
529 3387 785 3458 constantinopoleo
802 3389 847 3441 Br
919 3388 1041 3443 6danai
1064 3389 1172 3443 Ydani
1192 3404 1262 3442 corr.
1281 3393 1309 3443 2.
1328 3406 1366 3443 m.
1384 3392 1420 3443 in

261 3505 341 3560 danai
360 3505 387 3558 Z
405 3503 518 3569 dannpii
537 3519 605 3557 corr.
626 3507 652 3558 2.
672 3481 705 3560 on.
725 3505 769 3558 Br
858 3503 905 3558 XL
924 3505 968 3559 Br
1041 3507 1055 3559 7
1081 3505 1232 3574 inpratoria
1252 3505 1353 3559 ciuium
1373 3505 1421 3558 Βι-

262 3637 344 3690 paruo
360 3637 393 3673 en
408 3636 493 3689 parua
506 3636 574 3674 corr.
591 3623 616 3673 2.
633 3637 666 3672 m.
681 3620 724 3673 Br
773 3621 914 3675 Smilibna
928 3585 1039 3692 passiam
1053 3637 1121 3676 corr.
1136 3625 1163 3673 2.
1178 3637 1213 3673 m.
1228 3621 1272 3674 Br
1326 3638 1420 3690 angn-

261 3711 334 3764 loaos
348 3707 391 3760 Br
445 3709 632 3762 9alaxandria
645 3709 688 3762 Br
755 3710 869 3778 kartago
884 3711 927 3764 Br
941 3713 1051 3779 cartago
1070 3711 1122 3764 ΥΖ
1176 3709 1209 3763 10
1224 3713 1420 3765 constructae-

262 3841 350 3878 sarum
371 3825 399 3878 Y
468 3841 542 3878 oram
561 3841 612 3878 om.
633 3826 662 3878 Y
714 3827 744 3879 ll
767 3827 947 3880 comminutos
962 3826 988 3879 Z
1006 3791 1183 3890 commpnitos
1197 3843 1266 3881 corr.
1280 3831 1308 3880 2.
1322 3843 1358 3879 m.
1374 3825 1423 3880 Br

260 3911 354 3967 ‹lomos
373 3914 399 3967 Z
479 3914 552 3968 intra
571 3913 642 3968 cium
661 3931 730 3968 corr.
750 3918 777 3968 2.
798 3933 832 3968 m.
850 3917 882 3968 in
900 3915 974 3969 intra
992 3915 1068 3969 coins
1086 3916 1131 3969 Br
1204 3917 1238 3971 13
1260 3915 1421 3970 fabricatae

261 4045 312 4085 om.
338 4029 366 4082 Y
413 4099 419 4134 ί
481 4031 513 4083 14
534 4030 632 4084 titulus
651 4030 722 4084 deest
741 4031 772 4084 in
791 4031 870 4086 codol.
998 4033 1030 4084 16
1050 3991 1168 4100 imiinitiorr
1184 4047 1253 4086 eon.
1273 4035 1296 4085 1.
1315 4049 1350 4086 m.
1371 4031 1420 4084 Βι·

263 4145 293 4198 17
314 4144 437 4199 infinitus
456 4161 524 4200 carr.
543 4146 587 4199 Br
647 4147 680 4200 18
699 4145 825 4250 npditate
845 4147 863 4200 l.
882 4164 894 4199 s
914 4164 995 4201 erasa
1014 4147 1056 4200 Br
1128 4147 1419 4202 commendem

260 4277 294 4313 m,
305 4260 332 4314 Z
378 4262 410 4316 19
425 4263 452 4314 in
464 4261 537 4315 asiae
548 4265 625 4331 parte
634 4262 678 4315 Br
690 4266 828 4332 conperta
838 4263 911 4316 asiae
922 4279 991 4317 corr.
1001 4265 1028 4318 Z
1073 4265 1108 4318 20
1123 4263 1195 4333 quod
1206 4280 1239 4318 ea
1249 4281 1329 4334 quam
1339 4278 1416 4318 corr,

261 4353 287 4402 2.
308 4367 342 4404 m.
357 4349 399 4402 Br
454 4352 524 4404 inter
543 4366 593 4404 om.
609 4351 636 4404 Z
689 4353 721 4406 21
744 4352 871 4421 quodam,
884 4353 933 4406 aed
945 4369 1013 4406 com.
1028 4355 1055 4408 2.
1069 4370 1103 4408 nr.
1118 4353 1161 4406 Br
1220 4355 1296 4424 nero]
1310 4353 1356 4408 nel
1369 4353 1419 4406 Br
