3125 4942
270 445 376 509 XXVI
680 513 683 525 ‚
739 441 958 496 Praelatio.

270 637 381 720 templi
409 637 636 721 praecipitatus
665 640 728 712 est3
757 637 905 719 sepultus
932 638 983 700 est
1009 634 1041 698 in
1068 639 1177 700 monte
1206 634 1336 714 Oliueti‚
1370 636 1422 701 cui

270 745 365 810 uallis
389 745 541 828 Iosapbat
564 743 698 819 adiacet,
720 763 781 826 qna
807 742 966 825 descripta
988 742 1123 825 scriptor
1140 743 1321 820 reuertitur,
1340 743 1424 806 unde

270 869 419 936 egressus
448 855 506 928 est,
531 851 569 915 ad
597 852 724 934 pinnam
752 851 878 933 templi,
904 849 994 914 onius
1023 849 1141 914 mentio
1171 869 1202 932 p.
1228 850 1302 923 142,
1328 851 1348 914 8
1377 850 1422 914 in·

270 956 398 1034 uiderat,
432 976 503 1022 cum
536 978 567 1040 p.
602 959 676 1035 143,
710 958 730 1020 4
767 957 873 1040 pergit
904 954 937 1018 A
970 958 1076 1037 pinna
1108 955 1213 1037 tempti
1240 955 1349 1020 subtus
1376 961 1422 1020 est

268 1065 492 1128 rozonastcrtnor
519 1063 557 1128 de
584 1069 696 1129 costas.
727 1062 918 1142 Quibusde
946 1064 1052 1128 causis
1080 1062 1220 1127 ordinem
1251 1081 1356 1128 rerum
1389 1063 1422 1126 in

269 1171 431 1236 codicibus
456 1171 607 1235 traditum
631 1172 754 1235 mutare
777 1189 839 1234 non
864 1189 935 1234 sum
959 1188 1068 1234 ausus.
1087 1169 1192 1233 lltiam
1210 1171 1242 1233 in
1263 1169 1320 1247 eis,
1339 1188 1422 1252 qnae

268 1280 455 1360 sequuntur,
488 1279 680 1361 quamquam
715 1278 812 1342 series
846 1279 878 1341 et
910 1279 1075 1341 contextus
1104 1295 1208 1340 rerum
1235 1295 1297 1340 non
1321 1274 1422 1341 semel

267 1384 517 1467 interrumpitur,
541 1403 560 1448 a
589 1382 892 1466 transpositionibus
926 1383 1075 1448 abstinui.
1108 1381 1308 1464 Quamquam
1336 1382 1421 1446 enim

267 1490 418 1555 nonnulla
437 1509 524 1555 mera
541 1490 758 1555 additamenta
780 1490 968 1575 marginalia
991 1490 1030 1554 ad
1054 1509 1100 1567 ea,
1121 1509 1201 1572 quae
1221 1489 1421 1567 antecedunt,

266 1597 416 1661 uidentur
443 1615 524 1673 esse,
553 1599 658 1662 tamen
686 1597 875 1681 plerumque
904 1597 1000 1662 etiarn
1028 1597 1110 1660 inter
1133 1616 1168 1662 se
1191 1596 1320 1660 uinculo
1344 1615 1420 1678 quo-

267 1703 339 1768 dam
364 1703 573 1782 continentur,
598 1723 659 1784 quo
685 1723 721 1770 ea
744 1702 895 1768 diuellere
919 1703 1130 1787 prohibemur.
1157 1703 1261 1767 'Velut
1284 1722 1364 1784 qnae
1386 1704 1420 1767 in

266 1810 440 1892 posteriore
463 1812 551 1892 parte
576 1810 709 1893 capituli
733 1811 775 1873 23
799 1809 871 1874 inde
890 1829 910 1872 a
927 1810 1042 1893 pagina
1068 1811 1141 1889 147,
1162 1811 1204 1874 10
1223 1809 1262 1873 de
1285 1811 1420 1875 resusci-

265 1917 385 1982 tatione
412 1915 520 1979 Lazari
549 1915 727 1993 traduntur,
755 1916 857 1998 primo
887 1915 1002 1980 obtutu
1031 1916 1071 1980 ad
1099 1936 1130 1999 p.
1161 1917 1235 1995 140,
1261 1918 1280 1980 9
1305 1935 1348 1982 ss.
1372 1935 1420 1981 re·

265 2023 408 2089 uocanda
430 2021 589 2098 uidentur,
615 2022 672 2086 scd
695 2024 800 2086 tamen
824 2023 968 2105 aprione
992 2022 1126 2105 capituli
1155 2027 1244 2106 parte
1263 2043 1324 2088 non
1347 2042 1419 2107 pos·

266 2135 341 2196 sunt
369 2129 504 2214 seiungi.
535 2128 691 2208 Quoniam
723 2129 805 2192 enirn
834 2129 866 2192 in
894 2129 950 2194 illa
978 2128 1016 2194 de
1043 2130 1161 2194 iuuene
1189 2131 1228 2196 ab
1255 2131 1350 2195 Helia
1379 2131 1419 2195 ad

264 2237 366 2300 uitam
389 2239 537 2300 reuocato
562 2235 679 2300 mentio
705 2235 789 2300 facta
813 2238 870 2315 est,
893 2236 997 2300 facilis
1021 2241 1072 2301 est
1093 2237 1246 2303 transitus
1266 2237 1307 2302 ad
1323 2238 1421 2302 Laza-

263 2363 333 2408 rum
358 2363 376 2408 a
399 2343 534 2408 Domino
557 2342 795 2408 resuscitatum.

417 2535 660 2600 Breuiarins
692 2534 739 2599 de
769 2535 1059 2619 Hierosolyma
1088 2539 1185 2622 (saec.
1211 2537 1268 2620 VI)

265 2659 394 2725 inscribi
431 2663 515 2726 solet
557 2659 663 2724 breuis
700 2660 970 2742 descriptiuncula
1006 2661 1150 2726 locorum
1186 2660 1418 2744 Hierosolymis

265 2770 446 2832 sanctorum
474 2767 582 2832 libello
612 2767 736 2832 Baedae
765 2767 803 2831 de
835 2767 915 2832 locis
947 2769 1065 2833 sanctis
1094 2786 1211 2832 annexa
1242 2768 1275 2832 in
1309 2767 1418 2832 codice

220 2869 474 2938 AAmbrosiano
512 2875 546 2938 M
584 2875 625 2938 79
663 2892 733 2956 sup.
771 2871 828 2960 (A)
867 2893 949 2939 saec.
982 2873 1055 2952 XII,
1088 2874 1143 2939 fol.
1178 2871 1345 2951 44⁸—44'’‚
1378 2873 1418 2938 cs.

266 2979 501 3044 Gildemeisteri
536 2981 761 3064 praelationum
800 2980 840 3046 ad
877 2981 1092 3046 Theodosium
1135 3000 1165 3064 p.
1202 2983 1252 3054 12,
1285 2981 1318 3043 in
1355 2998 1418 3062 qno

264 3085 372 3151 libello
402 3085 665 3152 Gildemeisterus
694 3087 883 3152 Breuiarum
916 3087 1018 3152 edidit
1048 3107 1079 3169 p.
1113 3089 1156 3150 33
1189 3106 1216 3153 s.
1251 3085 1291 3151 ad
1323 3085 1419 3149 fidem

265 3193 451 3274 exemplaris
472 3193 710 3258 accuratissime
730 3214 747 3257 a
767 3194 835 3259 uiro
857 3194 1043 3259 doctissimo
1065 3193 1188 3259 (lariani
1206 3192 1418 3275 transscripti.

264 3299 415 3365 Eiusdem
440 3301 728 3384 descriptiunculae
749 3302 939 3368 contractior
958 3302 1060 3368 forma
1078 3302 1239 3366 inuenitur
1257 3300 1289 3363 in
1310 3298 1419 3364 codice

266 3406 464 3491 Sangallensi
488 3407 551 3471 732
576 3407 636 3492 (S),
661 3427 755 3491 quern
780 3428 876 3492 supra
899 3429 928 3491 p.
952 3409 981 3472 V
1009 3412 1041 3473 et
1064 3429 1095 3491 p.
1119 3407 1225 3472 XXIV
1254 3405 1418 3488 descripsi.

266 3511 529 3579 Gildemsisterus
563 3515 688 3580 codices
718 3517 746 3578 Α
778 3519 810 3580 et
838 3514 859 3580 S
888 3516 971 3580 inter
1003 3535 1037 3580 se
1072 3512 1316 3588 contaminanit;
1348 3511 1420 3594 ipse

266 3619 384 3686 codicis
407 3620 435 3685 A
459 3623 679 3686 auctoritatem
704 3626 834 3686 secutus
859 3622 978 3686 codims
1008 3620 1029 3687 S
1057 3621 1211 3686 lectiones
1234 3621 1266 3683 in
1291 3618 1420 3683 adnota-

266 3727 351 3792 tione
376 3729 486 3794 critica
509 3729 614 3794 attuli.

437 3922 667 3988 Antoninus
691 3921 961 3987 Placentinus
985 3919 1085 4008 (circa
1107 3941 1136 3986 a.
1160 3919 1251 4006 570).

310 4044 476 4123 Itinerarii‚
500 4045 584 4128 quod
607 4045 687 4110 falso
711 4043 862 4108 Antonini
885 4045 1061 4110 Placentini
1089 4044 1217 4110 nomine
1239 4044 1350 4118 fertur,
1373 4076 1419 4088 -

266 4170 339 4215 nam
366 4151 397 4214 id
426 4170 487 4216 non
517 4152 554 4215 ab
583 4151 652 4234 ipso
681 4152 851 4227 Antonino,
877 4151 933 4215 sed
961 4153 1000 4216 ab
1024 4171 1086 4217 uno
1110 4171 1128 4216 e
1151 4149 1323 4216 comitibus
1347 4147 1418 4212 eius

267 4258 420 4341 scriptum
451 4277 521 4323 esse
550 4278 586 4322 er
613 4259 683 4342 ipso
712 4257 804 4322 initio
832 4258 1133 4340 apparet—codices
1158 4275 1267 4322 omnes
1292 4272 1419 4318 enume-

266 4364 359 4441 rarit,
393 4363 571 4446 descripsit,
604 4364 636 4428 in
673 4366 738 4428 tres
775 4363 895 4428 classes
932 4363 1068 4450 digessit
1101 4366 1151 4430 nir
1187 4364 1226 4427 de
1258 4359 1417 4425 Antonino
