3125 4942
586 438 806 493 Praefatio.
1141 440 1262 508 XXXV

159 633 264 700 Codex
298 634 512 699 Bruxeliensis
541 634 718 698 2921-22
747 652 829 701 saec.
858 633 888 698 X
919 631 978 718 (18
997 644 1031 706 Χ
1053 637 1094 699 12
1122 635 1317 710 centim.,Br

117 740 280 823 scriptura.
306 741 357 816 14,
382 743 400 805 7
422 741 495 812 ><9
520 741 673 822 cautim),
702 760 807 822 quem,
832 740 907 823 quia
938 741 1034 805 etiam
1066 741 1262 806 Antoninum

117 847 262 923 continet,
287 847 350 912 iarn
374 867 469 929 supra
491 866 522 928 p.
546 847 636 912 XXX
659 847 824 930 descripsi.
854 847 1072 912 adamnanum
1102 848 1266 914 continent

116 953 188 1018 lolia
216 955 260 1018 52
290 954 403 1036 priora,
428 973 482 1019 sex
510 955 732 1036 quaterniones
762 957 795 1019 et
821 973 885 1020 una
911 953 1007 1020 binio.
1036 955 1180 1039 singulae
1209 974 1263 1039 pa-

117 1061 203 1144 ginae
232 1063 310 1126 sunt
337 1061 518 1126 nicenorum
542 1060 639 1126 trium
663 1060 829 1125 linearum.
858 1059 1059 1126 Retractatus
1083 1065 1133 1126 est
1155 1081 1174 1126 a
1196 1080 1263 1127 cor·

115 1170 243 1232 rectore.

156 1273 199 1337 Hi
232 1273 359 1340 codices
392 1277 469 1339 sunt
496 1275 587 1356 quasi
616 1273 713 1338 duces
741 1273 839 1338 trium
866 1274 1070 1351 familiarum,
1099 1293 1117 1338 e
1145 1274 1262 1357 quibus

117 1379 247 1444 maxime
271 1381 394 1446 sincera
417 1399 487 1446 esse
511 1379 647 1457 uidetur,
672 1397 753 1462 quae
772 1379 936 1444 codicibus
955 1381 984 1444 Y
1004 1399 1020 1445 e
1039 1381 1065 1444 P
1083 1399 1263 1463 repraesen-

116 1491 206 1552 tatur.
221 1485 371 1552 CoderY
389 1488 575 1571 diligentius
594 1487 733 1568 scriptus
753 1491 817 1562 est3
837 1506 909 1578 nam
928 1507 1119 1569 quamquam
1137 1488 1262 1552 mendis

116 1611 171 1656 non
200 1595 298 1666 earet,
326 1595 432 1656 tamen
460 1611 522 1657 nou
550 1596 601 1656 tot
625 1593 755 1658 lacunas
784 1593 911 1658 exhibet
938 1596 1017 1676 quot
1045 1594 1143 1659 codex
1164 1593 1201 1674 P,
1229 1599 1263 1658 et

117 1718 184 1763 curn
206 1700 362 1783 temporis
385 1699 498 1764 iniuria
520 1717 581 1764 non
604 1699 773 1764 mutilatus
797 1699 850 1773 sit,
875 1700 935 1764 hoc
952 1700 1156 1782 potissimum
1179 1700 1262 1764 libro

116 1809 216 1870 textus
245 1806 359 1871 nititur
387 1807 432 1871 eis
460 1806 551 1883 locis,
580 1807 635 1888 qui
663 1806 694 1870 in
725 1805 833 1871 codice
861 1806 887 1870 P
915 1811 971 1871 aut
996 1825 1126 1889 prorsus
1151 1807 1262 1871 omissi

117 1915 186 1977 sunt
206 1916 266 1977 aut
288 1917 485 1977 euanuerunt
513 1915 545 1976 et
572 1914 655 1977 male
684 1913 838 1995 rescripta
860 1915 945 1994 sunt,
970 1912 1010 1979 ci.
1035 1911 1104 1976 adn.
1129 1911 1198 1976 crit.
1222 1911 1261 1976 ad

116 2039 142 2099 p.
166 2021 242 2096 279,
269 2022 320 2085 10.
349 2019 528 2085 Consensus
558 2020 669 2084 horum
699 2019 845 2084 codicum
873 2020 969 2083 etiam
994 2021 1183 2102 apparator
1206 2038 1261 2084 nu-

116 2145 196 2190 ruero
230 2127 444 2208 capitulorum
475 2126 549 2192 libri
581 2124 685 2208 primi,
714 2145 795 2208 quae
822 2124 854 2188 in
882 2128 1017 2208 utroque
1045 2124 1263 2208 undetriginta

116 2237 327 2297 numerantur.

157 2337 320 2404 Secundae
349 2340 433 2404 enim
462 2339 569 2421 stirpis
599 2339 735 2414 codices,
760 2357 894 2420 quorum
918 2336 1123 2420 praecipuum
1145 2340 1260 2402 testem

117 2447 224 2510 ceteris
254 2449 358 2510 aetate
387 2448 419 2509 et
447 2445 587 2510 bonitate
615 2447 716 2510 multo
744 2447 956 2526 praestantem
985 2443 1168 2508 'iuncinum
1195 2442 1260 2528 (Z),

116 2553 268 2632 quondam
292 2553 496 2636 augiensem,
526 2551 666 2628 adhibui,
693 2551 812 2616 librum
839 2550 977 2633 primum
1003 2549 1034 2613 in
1063 2549 1181 2633 uiginti
1207 2568 1261 2614 ser

116 2660 251 2740 capitula
284 2657 442 2723 diuidunt.
475 2657 587 2740 Neque
620 2676 695 2723 uero
728 2661 817 2721 tanta
849 2657 991 2722 codicem
1019 2656 1041 2720 Z
1070 2676 1141 2721 esse
1173 2675 1261 2739 prae·

116 2767 235 2842 stantia,
262 2769 379 2846 quanta
398 2763 642 2830 Gildemeistero
662 2745 800 2840 uidetur,
820 2764 923 2845 quiin
944 2763 1093 2828 editionis
1111 2763 1261 2828 Antonini

115 2871 302 2952 praefatione
326 2891 356 2952 p.
376 2871 420 2934 IV
440 2871 533 2935 dicit:
558 2867 672 2933 Sowcc't
694 2869 745 2933 die
763 2869 1018 2952 Handscdrcflea
1035 2870 1089 2933 das
1107 2869 1262 2952 Arculfus

115 2975 244 3040 detonat
262 2977 345 3053 sind,
361 2977 477 3041 elenau
494 2980 541 3042 eie
560 2977 620 3040 den
639 2975 686 3040 dci
705 2979 823 3040 recitem
839 2975 941 3040 besica
956 2976 1043 3052 Text,
1058 2975 1121 3040 iarn
1137 2975 1261 3040 ostendi

115 3083 142 3146 in
175 3087 410 3168 programmate
442 3085 630 3168 Augustano
668 3084 751 3148 1895
779 3103 811 3166 p.
840 3083 860 3148 8
889 3085 922 3146 et
953 3081 1140 3166 llrlangensi
1175 3083 1259 3146 1897

115 3210 142 3272 p.
168 3195 217 3255 16.
248 3191 331 3257 Cum
358 3190 500 3267 Parisino
529 3209 566 3255 eo
595 3190 764 3267 consentit,
794 3189 880 3272 quod
907 3189 1036 3254 eosdem
1064 3207 1177 3254 uersus
1201 3188 1261 3254 Ve-

116 3299 208 3363 nantii
234 3298 401 3362 Fortunati
429 3296 507 3362 vni
530 3297 562 3374 3,
587 3296 740 3360 93-178
769 3297 889 3361 Arculfi
916 3295 1026 3362 libello
1056 3295 1203 3379 adiungit
1230 3300 1262 3359 et

115 3423 141 3485 p.
164 3407 239 3482 225,
264 3407 307 3470 20
331 3403 415 3468 idem
442 3404 602 3488 glossema
623 3403 738 3467 iricurn
762 3403 898 3468 exhibet.
1284 3414 1287 3417 “

154 3510 257 3575 Multo
280 3511 384 3594 magis
409 3511 505 3575 etiam
529 3513 562 3575 et
584 3510 623 3574 ab
647 3510 706 3574 hac
725 3512 757 3573 et
776 3509 915 3592 aprima
937 3509 1059 3573 familia
1082 3509 1110 3573 ei
1134 3509 1259 3572 codices

116 3615 267 3693 differunt,
293 3634 427 3700 quorum
450 3617 544 3701 longe
569 3616 812 3698 antiquissimus
837 3620 871 3680 et
892 3615 1188 3698 praestantissimus
1212 3618 1262 3677 est

115 3723 324 3787 Bruxellensis
353 3722 430 3809 (Bc).
459 3724 494 3787 In
524 3723 584 3787 hoc
613 3723 707 3787 tertio
737 3721 883 3787 codicum
912 3741 1025 3806 genere
1055 3721 1157 3804 ipsius
1185 3721 1259 3784 scri·

114 3829 209 3910 pteris
223 3830 391 3894 uerborum
413 3830 488 3894 ordo
509 3830 695 3912 saepissime
714 3832 833 3893 temere
851 3833 996 3892 mutatus
1016 3833 1075 3897 est,
1093 3831 1126 3891 et
1139 3828 1259 3890 multae

115 3943 271 4018 praeterea
298 3937 535 4021 peculiaritates
563 3937 780 4014 inueniuntur,
805 3937 921 4018 quibus
950 3937 1129 4001 obseruatis
1157 3935 1258 4017 primo

115 4045 219 4108 statim
253 4045 379 4116 obtutu,
413 4044 468 4126 qni
500 4043 625 4108 codices
659 4043 721 4107 leuc
754 4044 939 4125 pertineant,
972 4042 1106 4107 iudicari
1143 4043 1258 4123 potest.

115 4151 214 4232 Atque
246 4149 385 4233 primum
418 4150 545 4234 quidem
577 4151 609 4214 in
644 4148 870 4233 capitulatione
901 4148 976 4213 libri
1013 4148 1106 4232 primi
1138 4147 1260 4214 XXXII

116 4259 250 4342 capitula
271 4261 486 4335 numerantur,
510 4257 541 4321 in
566 4258 635 4341 ipso
659 4259 746 4321 textu
766 4257 865 4332 XXX,
886 4256 1128 4339 capitulationes
1153 4257 1258 4319 autem

116 4365 205 4430 trium
235 4366 386 4430 librorum
409 4366 576 4429 uniuersae
600 4364 737 4446 primum
762 4364 879 4428 librum
904 4363 1105 4440 antecedunt,
1130 4381 1203 4426 cnm
1226 4360 1259 4424 ia

1188 4465 1217 4517 c*
