3125 4942
267 457 332 522 304
566 453 725 509 Itinera
751 452 1125 523 Hierosolymitana

268 649 307 714 ab
335 667 449 713 occasu
481 647 684 732 Golgothana
710 646 841 712 uidetur
867 647 1013 723 ecclesia,
1041 647 1074 711 in
1106 666 1169 730 qua
1201 646 1298 712 etiam
1329 649 1416 730 rupis

268 758 399 838 apparet
411 755 478 831 illa,
494 773 574 837 quae
591 753 749 837 quondam
764 753 867 836 ipsam
886 753 986 818 adfixo
1001 752 1132 818 Domini
1150 765 1279 836 corpore
1293 772 1416 818 erucem

267 862 410 944 pertulit,
436 863 617 945 argenteam
645 860 740 925 modo
768 859 977 944 pergrandem
1005 860 1168 925 sustinens
1191 879 1328 939 erucem,
1347 879 1417 944 pen-

269 967 362 1033 dente
384 986 500 1052 magua
523 967 660 1049 desuper
682 985 773 1031 aerea
794 969 865 1031 rota
883 985 957 1031 cum
973 967 1186 1050 lampadibus.
1209 968 1296 1031 Infra
1313 967 1416 1050 ipsnm

268 1093 344 1140 aero
375 1075 482 1140 locam
516 1073 692 1139 dominicae
721 1074 826 1138 erucis
854 1073 959 1137 excisa
984 1072 1017 1137 in
1044 1076 1135 1157 petra
1161 1077 1272 1157 crypta
1300 1076 1360 1148 est,
1386 1072 1415 1136 in
1444 1097 1457 1136 s
1540 1054 1541 1081 ¹

269 1201 333 1264 qua
368 1200 464 1264 super
499 1179 597 1244 altaro
633 1198 690 1262 pro
729 1179 888 1244 defunctis
920 1179 1082 1246 honoratis
1115 1180 1307 1246 sacrificinm
1339 1180 1418 1245 solet

270 1287 384 1365 otleni,
407 1287 522 1371 positis
547 1286 673 1352 interim
696 1287 728 1351 in
751 1287 860 1370 platea
882 1286 1076 1368 corporibus.
1100 1287 1207 1352 Huius
1231 1306 1359 1371 quoqne
1380 1285 1416 1350 ad

270 1412 419 1458 occasum
445 1393 596 1458 ecclcsiae
619 1391 797 1470 Anastasis,
816 1393 877 1457 hoo
900 1395 951 1457 est
971 1393 1212 1458 resurrectionis
1235 1394 1416 1469 dominicae,

268 1500 404 1565 rotunda
432 1500 566 1564 ecclesia
589 1496 692 1564 tribus
721 1499 823 1564 cincta
854 1499 1030 1581 parietibus
1063 1499 1230 1566 duodecim
1264 1499 1417 1565 columnis

269 1609 478 1684 sustentatur,
511 1607 592 1670 inter
627 1605 763 1689 parietes
803 1605 948 1690 singulos
983 1607 1086 1671 latum
1122 1607 1243 1671 habens
1279 1607 1459 1690 spatiumne
1540 1568 1541 1589 h

269 1714 351 1792 uiae,
376 1732 454 1794 quae
483 1713 544 1778 tria
571 1713 683 1778 altaria
711 1713 743 1776 in
766 1712 870 1777 trihus
892 1712 972 1778 locis
994 1713 1125 1796 parietis
1149 1713 1247 1777 medii
1270 1713 1418 1790 continet,

269 1819 329 1886 hoc
354 1824 404 1886 cst
426 1820 568 1897 australi,
593 1819 764 1901 aquilonali
789 1821 822 1883 et
844 1818 1043 1886 occidentali.
1067 1820 1155 1885 Haec
1178 1820 1228 1884 bis
1252 1824 1418 1903 quaternas

269 1931 388 2010 portas,
412 1926 446 1991 id
473 1931 523 1991 est
549 1926 710 2005 introitus,
733 1945 791 2010 per
817 1929 924 1990 truse
950 1927 1080 2010 regiona
1106 1927 1245 2009 parietes
1273 1926 1419 2004 habete

270 2035 386 2116 quibus
411 2035 562 2116 quattuor
585 2033 624 2098 ad
647 2033 835 2097 uulturnum
858 2036 891 2097 et
910 2036 1059 2130 quattuor
1077 2033 1117 2098 ad
1136 2053 1247 2098 eurum
1265 2035 1419 2116 spectant

270 2141 375 2204 Huius
397 2140 430 2204 in
453 2138 557 2204 medio
577 2143 819 2204 monumentum
838 2139 966 2204 Domini
984 2140 1155 2204 rotundum
1173 2145 1264 2224 petra
1281 2139 1419 2204 excisum
1438 2163 1460 2202 e

272 2251 330 2324 est,
360 2247 450 2311 cuius
483 2247 608 2311 culmen
639 2247 831 2311 intrinsecus
863 2249 953 2312 stans
984 2245 1080 2312 homo
1111 2266 1208 2312 manu
1241 2246 1421 2328 contingere

271 2356 386 2436 potest,
416 2353 454 2418 ab
489 2353 608 2416 oriente
640 2353 758 2417 habens
790 2353 967 2426 introitum,
1001 2353 1053 2417 oui
1086 2353 1168 2436 lapis
1200 2353 1255 2417 ille
1287 2369 1421 2436 magnus

273 2459 438 2543 adpositus
463 2463 522 2536 est,
547 2459 632 2541 quod
654 2461 846 2524 intrinsecus
869 2461 1131 2525 ferramentorum
1154 2460 1294 2544 uestigia
1322 2477 1422 2540 usque

272 2567 305 2630 in
337 2585 484 2650 praesens
518 2567 664 2632 ostendit.
711 2567 792 2631 Nam
827 2567 1021 2632 extrinsecus
1059 2586 1160 2649 usqne
1198 2565 1237 2630 ad
1275 2565 1421 2631 culminis

274 2674 491 2738 summitatem
506 2676 610 2738 totum
626 2693 779 2740 marmore
794 2677 915 2739 tectum
933 2679 995 2752 est3
1020 2693 1183 2739 summum
1201 2692 1278 2738 uero
1298 2673 1420 2736 culmen
1439 2695 1462 2732 a

274 2797 350 2843 auro
375 2781 518 2843 ornatum
544 2799 669 2844 auream
692 2799 840 2864 magnam
865 2785 970 2864 gestat
993 2800 1128 2845 crucem.
1168 2782 1204 2846 In
1227 2780 1327 2845 huius
1350 2797 1421 2863 ergo

274 2885 471 2950 monumenti
495 2885 665 2967 aquilonali
684 2891 772 2969 parte
792 2888 997 2970 sepulchrum
1012 2887 1139 2952 Domini
1153 2887 1186 2952 in
1206 2887 1318 2952 eadem
1336 2892 1424 2969 petra

275 2991 414 3056 excisum
446 2991 655 3076 longitudinis
684 2993 745 3057 VH
776 2994 903 3075 pedum,
936 2995 1034 3058 trium
1066 3013 1214 3058 mensura
1245 2995 1422 3076 palmorum

274 3098 458 3180 pauimento
483 3099 578 3164 altius
603 3100 731 3176 eminet,
750 3101 914 3165 introitum
939 3101 1058 3165 habens
1083 3121 1101 3165 a
1123 3101 1221 3166 latere
1239 3101 1422 3169 meridiano,

276 3205 332 3268 ubi
360 3203 409 3268 die
438 3207 597 3287 noctuque
621 3205 683 3270 XII
710 3206 873 3288 lampades
898 3208 1018 3284 ardent,
1042 3209 1193 3290 quattuor
1215 3208 1298 3272 intra
1322 3204 1423 3289 sepul·
1439 3227 1463 3268 a

277 3311 396 3390 chrum,
422 3315 493 3376 octo
518 3331 612 3395 supra
635 3313 666 3376 in
691 3313 831 3397 margine
856 3312 974 3379 dextro.
1011 3313 1118 3394 Lapis,
1142 3312 1197 3395 qui
1221 3311 1261 3377 ad
1283 3312 1424 3377 hostium

277 3419 475 3482 monumenti
501 3420 625 3500 positus
655 3423 730 3495 erat,
759 3439 842 3483 nuno
875 3419 971 3484 fissus
1005 3423 1064 3496 est,
1095 3419 1186 3483 cuius
1218 3437 1291 3502 pars
1323 3417 1425 3480 minor

278 3524 466 3607 quadratum
482 3525 578 3590 altare
593 3529 664 3590 ante
680 3526 822 3590 hostium
841 3526 1047 3590 nihilominus
1067 3525 1209 3590 ciusdem
1228 3523 1424 3588 monumenti
1441 3571 1448 3590 r

368 3714 517 3769 lhdamn.
536 3733 561 3784 p.
581 3717 642 3782 227,
664 3717 697 3770 16

315 3829 415 3882 Patro
435 3831 462 3882 A
543 3829 857 3900 3sustenens‘ljllcrnce
876 3846 984 3884 amam
1002 3829 1163 3883 uideturne
1182 3830 1210 3883 P
1274 3829 1426 3897 4desnper

278 3919 422 3986 mugnaP
474 3918 559 3988 ipsius
579 3921 604 3972 A
659 3921 783 3987 scripta
801 3919 895 3972 AMV
912 3919 1014 3988 scripta
1032 3919 1060 3972 P
1113 3916 1424 3974 osacnnriasolentsl

278 3993 437 4061 cicun?
490 4007 620 4062 ecclesiae
639 4009 732 4061 om.A
788 4007 957 4061 inactasisP
1001 4007 1197 4061 9rotundad1
1244 4008 1278 4061 12
1294 4007 1324 4060 id
1343 4006 1424 4068 estA

280 4095 313 4146 14
339 4096 367 4146 et
393 4097 521 4162 quattuor
547 4093 581 4148 ad
608 4094 764 4148 uultumnm
792 4095 851 4158 (aed
875 4100 995 4160 erasum)
1021 4099 1051 4147 et
1075 4099 1205 4165 quattuor
1229 4095 1263 4148 ad
1281 4110 1375 4148 eurum
1392 4091 1427 4146 M

280 4184 312 4235 15
332 4183 360 4235 in
379 4199 429 4236 om.
449 4183 476 4235 P
530 4182 648 4236 medinm
666 4183 694 4236 A
736 4184 768 4236 18
787 4185 997 4236 foramentorum
1016 4183 1044 4236 P
1083 4185 1120 4238 20
1138 4183 1374 4253 tectum]tactnu1
1393 4181 1427 4234 Μ

278 4271 458 4324 22tnmuliA
514 4271 694 4340 aquiloneaA
748 4272 969 4341 partelportellt
1003 4273 1038 4325 23
1049 4273 1234 4341 palmarumA
1271 4269 1424 4326 astutum

278 4359 313 4413 26
334 4360 431 4412 ostium
450 4360 477 4412 A
532 4359 567 4412 28
586 4359 777 4412 nichilominus
797 4363 824 4412 A
842 4360 910 4414 nihil
930 4361 1036 4414 ominus
1053 4361 1091 4414 M
1107 4360 1334 4415 nichilhominus
1353 4361 1381 4414 P
