3125 4942
274 457 339 520 224
574 453 730 509 Itinera
756 455 1132 526 Hierosolymitana

691 643 818 709 LIBER
839 643 1011 711 PRIMVS.

621 764 644 820 1.
663 763 713 820 nu
733 765 815 820 srav
833 765 1079 822 amaveram.

319 875 367 940 De
391 875 456 940 situ
475 873 675 940 Hierusalem
699 895 782 940 nuno
807 877 962 959 quaedam
986 876 1152 942 scribenda
1176 882 1253 943 sunt
1269 897 1373 961 pauoa
1392 899 1428 945 er

276 983 337 1062 his,
368 1001 448 1065 quae
480 981 560 1045 mihi
593 985 722 1047 sanetus
755 983 889 1047 dictauit
915 983 1077 1063 Aroullns,
1106 1003 1145 1048 ea
1171 1003 1257 1064 uero,
1286 1004 1368 1068 quae
1397 986 1428 1051 in

276 1090 411 1155 aliorum
437 1089 528 1153 libris
557 1087 595 1154 de
624 1089 767 1154 eiusdem
797 1090 939 1155 ciuitatis
967 1090 1127 1174 positione
1153 1091 1388 1175 repperiuntur,
1413 1111 1467 1156 ar

276 1197 367 1262 nobis
390 1195 670 1280 praetermittenda
693 1199 778 1262 sunt.
803 1195 839 1260 Iu
864 1197 957 1262 onius
979 1215 1094 1282 magno
1118 1215 1282 1263 murorum
1306 1200 1429 1263 ambitu

276 1303 361 1369 idem
391 1303 541 1368 Aroult'us
567 1303 729 1387 octoginta
757 1307 908 1387 quattuor
934 1305 1116 1369 numerauit
1136 1309 1241 1372 turres
1266 1308 1299 1371 et
1319 1311 1428 1389 portas
1546 1336 1547 1339 ¹

277 1411 326 1476 bis
354 1417 472 1488 ternas,
496 1429 630 1491 quarum
656 1427 713 1492 per
741 1410 911 1475 oirouitum
939 1411 1083 1476 oiuitatis
1112 1412 1187 1477 ordo
1217 1411 1264 1476 sio
1285 1413 1429 1495 ponitur:

276 1519 373 1582 Porta
391 1516 496 1581 Dauid
519 1516 559 1580 ad
582 1515 811 1581 occidentalem
829 1521 951 1599 partem
971 1517 1088 1582 montis
1108 1517 1183 1584 Sion
1201 1520 1304 1600 prima
1322 1538 1431 1583 nume-

278 1628 375 1702 ratur,
391 1622 528 1692 secunda
546 1624 638 1704 porta
652 1621 748 1687 uillae
762 1621 917 1699 Fullonia,
935 1623 1030 1688 tertia
1043 1626 1136 1705 porta
1150 1624 1251 1688 saneti
1265 1624 1429 1708 Stephani,
1448 1645 1471 1684 n

279 1733 390 1814 quarta
412 1733 504 1812 porta
521 1729 699 1807 Beniamin,
720 1730 831 1813 quinta
852 1731 990 1813 portula,
1011 1731 1070 1796 hoo
1094 1735 1145 1795 est
1167 1731 1301 1813 paruula
1324 1736 1429 1814 porta;
1546 1750 1547 1753 ’

279 1837 317 1902 ab
341 1837 400 1902 hao
418 1856 474 1920 per
493 1835 610 1920 gradus
630 1835 669 1900 ad
687 1835 806 1901 uallem
823 1836 975 1920 Iosaphat
994 1837 1209 1914 descenditur3
1233 1842 1323 1902 sexta
1340 1843 1432 1921 porta

279 1943 431 2009 Teouitis.
463 1943 525 2008 Hie
547 1943 656 2025 itaque
679 1943 755 2008 ordo
779 1963 836 2025 per
859 1944 1029 2009 earundem
1052 1949 1215 2029 portarum
1239 1949 1272 2010 et
1292 1946 1431 2010 turrium
1546 1958 1547 2003 r

278 2049 523 2133 intercapidines
552 2067 571 2113 a
597 2052 689 2133 porta
715 2049 822 2114 Dauid
850 2069 945 2134 supra
972 2055 1147 2116 memorate
1174 2071 1230 2133 per
1261 2051 1432 2116 oirouitum
1546 2064 1547 2083 ¹

280 2155 538 2239 septemtrionem
558 2175 682 2233 uersus,
698 2157 809 2221 exinde
827 2157 866 2221 ad
886 2156 1038 2222 orientem
1058 2157 1215 2243 dirigitur.
1241 2158 1304 2224 Sed
1322 2177 1432 2241 quam·
1449 2179 1472 2218 n

278 2264 358 2328 libet
386 2282 439 2328 sex
466 2265 574 2345 portae
601 2262 634 2327 in
662 2263 761 2327 muris
791 2267 1005 2342 numerentur,
1035 2265 1223 2330 celebriores
1255 2268 1363 2330 tamen
1396 2285 1433 2330 er

280 2372 325 2436 eis
349 2373 463 2447 <tres>
480 2373 644 2453 portarurn
668 2370 818 2434 introitus
842 2371 1092 2453 frequentantur,
1117 2390 1200 2436 unus
1224 2372 1263 2436 ab
1288 2371 1432 2436 oecider-

279 2478 346 2557 tali,
366 2479 446 2542 alter
470 2497 488 2542 a
512 2477 771 2561 septemtrionali,
791 2477 907 2542 tertius
931 2476 970 2541 ab
994 2477 1140 2542 orientali
1163 2480 1261 2562 parte.
1285 2477 1333 2543 aa
1356 2498 1432 2543 uero
1545 2478 1546 2481 ’

280 2603 352 2670 pars
372 2603 536 2649 murorum
556 2603 628 2648 oum
646 2584 844 2666 interpositis
862 2584 1015 2662 turribus,
1029 2603 1109 2666 quae
1128 2603 1257 2666 asupra
1275 2584 1434 2670 descripta

281 2692 385 2756 Dauid
412 2695 504 2774 porta
530 2710 586 2774 per
613 2691 791 2772 aquilonale
819 2693 937 2758 montis
961 2691 1038 2757 Sion
1066 2692 1283 2775 supercilium,
1307 2693 1394 2776 quod
1415 2713 1475 2758 ano

280 2798 412 2863 meridie
441 2798 654 2879 supereminet
681 2798 817 2875 ciuitati,
845 2817 947 2881 usque
975 2799 1015 2864 ad
1043 2819 1113 2864 eam
1141 2800 1285 2865 eiusdem
1317 2800 1433 2866 montis

281 2905 417 2971 frontem
450 2903 608 2987 dirigitur,
642 2922 721 2986 quae
757 2910 928 2988 praerupta
964 2925 1044 2988 mpe
1080 2905 1266 2970 orientalem
1303 2907 1435 2990 respioit
1544 2940 1545 2949 ,

281 3011 419 3095 plagam,
443 3010 547 3076 nullas
571 3010 684 3076 habere
707 3015 816 3093 portas
839 3013 1061 3095 conprobatur.

318 3169 335 3221 2
364 3167 461 3221 Omnes
484 3167 560 3221 tituli
582 3169 755 3237 eloquiorum
777 3170 965 3238 capitulorum
987 3170 1087 3224 desunt
1108 3169 1140 3223 in
1157 3169 1191 3233 Z,
1209 3168 1337 3238 plerique
1359 3170 1391 3222 ia
1408 3167 1435 3221 P

283 3264 309 3311 et
324 3257 353 3314 Y
413 3255 516 3310 tmihi
536 3255 564 3310 id
585 3262 627 3310 est
646 3256 798 3312 adamnano
812 3261 856 3314 Br
927 3262 1037 3314 sanetus
1058 3258 1174 3312 dictauit
1192 3257 1311 3311 arculfus
1326 3273 1378 3312 om.
1393 3257 1435 3310 Br

283 3345 445 3400 laroulfns
468 3362 501 3399 ea
525 3345 558 3398 ab
578 3345 679 3400 arculfo
699 3362 768 3400 corr.
788 3351 816 3401 2.
835 3364 869 3403 m.
884 3347 927 3400 Br
945 3363 997 3402 om.
1011 3347 1040 3402 Z
1128 3345 1435 3415 8qnarum-ponitur
1543 3388 1544 3391 ,

282 3436 313 3488 ira
326 3450 412 3503 ortorp.
427 3433 479 3500 ins.
495 3431 561 3488 odd.
581 3433 608 3485 Y
677 3434 789 3504 ponitur
807 3434 836 3487 id
856 3439 898 3488 eat
911 3433 954 3488 Br
1013 3435 1151 3488 Smontis
1165 3435 1225 3488 sion
1241 3438 1349 3503 partem
1366 3433 1435 3488 YBr
1543 3418 1544 3433 ¹

282 3521 575 3593 primallnumeralltur
588 3521 631 3574 Br
687 3522 718 3575 ll
741 3522 837 3591 quinta
850 3527 930 3592 porta
947 3523 1016 3577 YBr
1089 3528 1154 3576 ante
1172 3525 1215 3574 eat
1231 3521 1435 3574 reserarentur

284 3638 390 3691 litterae
408 3637 451 3690 Br
505 3637 539 3690 12
558 3637 656 3706 grados
674 3637 702 3691 P
772 3637 879 3691 iosaiad
901 3639 929 3695 Υ
945 3595 1077 3708 iosaphai
1091 3639 1186 3692 littera
1203 3637 1222 3690 h
1241 3641 1268 3692 2.
1287 3653 1321 3689 m.
1340 3651 1433 3705 eaper-

284 3753 390 3822 atm'pto
403 3751 447 3806 Br
519 3752 686 3806 discenditur
705 3753 758 3808 ΡΖ
849 3754 882 3806 13
903 3753 1057 3808 deenilisZ
1074 3710 1194 3808 thecuitis
1213 3769 1282 3806 oorr.
1302 3755 1329 3805 2.
1343 3769 1378 3805 oa.
1393 3752 1436 3804 Br
1542 3810 1543 3833 ¹

283 3859 332 3912 per
351 3839 444 3896 eadem
459 3841 501 3894 Bo·
552 3843 585 3896 14
604 3842 676 3896 inter
695 3841 834 3911 capidines
852 3841 879 3894 Z
894 3842 1105 3911 intercapidinea
1125 3857 1194 3895 oorr.
1208 3845 1236 3895 2.
1250 3857 1285 3894 or.
1303 3841 1336 3893 in
1350 3841 1433 3894 inter·

284 3929 482 4000 capedinesBr
518 3931 551 3985 15
564 3931 776 4000 septentrionem
792 3931 862 3985 YBr
915 3930 1054 4000 quaelibet
1067 3930 1137 3984 YBr
1179 3927 1436 3984 ldoaelebrioreaP

286 4021 318 4072 11
330 4023 385 4072 trea
396 4019 497 4073 addidi
505 4035 566 4074 eom
576 4019 726 4074 editoribus
735 4021 830 4074 eeteria
842 4020 903 4074 coll.
914 4019 1016 4073 Baeda
1030 4019 1063 4074 de
1072 4020 1139 4074 lotae
1148 4017 1253 4073 eandm
1306 4017 1434 4086 trequen-

284 4101 369 4188 tantur
387 4151 457 4189 corr.
478 4138 503 4191 2.
523 4153 558 4188 m.
577 4135 619 4188 Br
674 4134 707 4189 ad
728 4135 925 4190 occidentalem
944 4141 991 4189 eto.
1011 4140 1114 4205 partera
1133 4135 1161 4190 Ζ
1214 4133 1247 4188 ab
1263 4149 1296 4187 est
1310 4131 1346 4186 ad
1364 4147 1433 4188 eom.

285 4254 312 4304 2.
332 4268 366 4304 m.
386 4251 429 4304 Br
484 4251 516 4304 19
536 4251 638 4321 scripta
655 4251 683 4305 Ζ
700 4251 774 4305 diota
790 4251 832 4305 ar
885 4252 920 4307 20
939 4250 1120 4321 aquilonalem
1135 4251 1203 4306 ZBr
1221 4215 1395 4320 equiloglern
1409 4247 1436 4302 Ζ

287 4366 417 4435 quaeBr
470 4368 503 4420 21
524 4383 582 4420 earn
602 4383 652 4424 om.
673 4367 716 4420 Br
787 4333 902 4422 eiu⁸dem
921 4384 991 4424 corr.
1010 4371 1033 4422 1.
1052 4385 1087 4422 at
1106 4365 1133 4419 Z
1184 4368 1219 4421 22
1238 4363 1383 4437 qniaBr
