3125 4942
296 397 358 462 ΧΠ
754 393 971 447 Praefatio.
1136 393 1142 438 ¹

297 590 336 655 cl.
362 588 510 653 Arabicis
532 588 644 652 clerica
663 608 722 668 par
744 587 770 650 la
795 586 926 651 Marciae
948 608 964 651 a
985 586 1005 650 l’
1015 585 1152 666 Umbria,
1171 589 1233 653 ael.
1252 590 1299 655 II
1311 611 1343 670 p.
1363 593 1438 654 557.

296 697 356 760 lllo
381 695 572 760 monasterio
596 693 687 760 iussu
705 692 898 777 Napoleonis
922 714 1002 760 anno
1024 696 1108 759 1810
1129 696 1254 761 sublato
1274 696 1324 761 hic
1344 697 1440 762 codex

298 822 369 867 curn
393 802 552 885 plerisque
578 801 648 866 aliis
670 799 761 866 libris
785 802 817 865 in
839 800 1066 868 bibliothecam
1090 803 1298 868 fraternitatis
1324 823 1350 871 s.
1374 804 1441 867 Ma·

297 911 361 975 riae
384 909 495 974 illatus
520 911 577 988 est,
601 909 656 972 ubi
679 908 867 972 Franciscus
893 907 1075 974 Gamurrini
1099 929 1171 974 cum
1196 910 1327 976 inuenit.

342 1017 568 1081 Recensionem
593 1017 722 1080 alteram
748 1015 1018 1081 Gamuninianam
1043 1021 1152 1081 secuta
1177 1021 1226 1082 est
1249 1018 1345 1082 editio
1364 1019 1443 1083 Ros-

297 1123 364 1189 siaa
386 1125 417 1187 in
442 1123 569 1205 seriptis
593 1123 756 1188 societatis
775 1123 925 1187 Bessicae
944 1123 1204 1188 Palaestinensis:
1224 1124 1443 1207 Pereprinatio

297 1231 341 1294 ad
368 1229 433 1293 loca
459 1235 569 1293 sancta
595 1229 711 1293 saccali
734 1228 792 1291 IV
810 1229 950 1292 meantis
976 1230 1070 1306 edita,
1094 1231 1207 1294 rasciae
1233 1251 1336 1309 acrsa,
1359 1231 1443 1294 lactis

298 1335 457 1401 illustrata
478 1335 517 1400 ab
539 1334 679 1399 Iohanne
702 1335 938 1416 Pamialaaaslry.
964 1335 1279 1417 Patrobarpii1889.
1304 1341 1372 1401 312
1383 1358 1441 1418 pp.

301 1446 346 1519 8⁰,
368 1444 400 1507 in
425 1443 517 1506 cuius
540 1462 636 1506 usum
659 1440 855 1506 Oboledaa'ala
878 1442 1018 1506 codicem
1038 1444 1201 1507 Aretinum
1225 1445 1445 1526 transscripsit

299 1554 332 1613 et
354 1571 384 1633 p.
409 1551 473 1613 257
499 1569 542 1614 ss.
566 1569 627 1613 non
651 1567 770 1631 paucos
797 1549 886 1614 lacos
914 1553 1079 1631 corruptos
1107 1548 1299 1617 emendauit.
1335 1551 1442 1615 Editio
1561 1520 1562 1595 i

300 1656 433 1738 denique
460 1657 594 1740 Anglica
621 1655 783 1737 publicata
816 1659 866 1720 est
896 1656 1006 1737 paucis
1039 1657 1129 1721 annis
1160 1660 1249 1740 post:
1282 1656 1444 1721 Palaestine
1561 1622 1562 1705 i

298 1762 458 1845 Pilpcims’
484 1761 560 1826 Tcal
585 1759 715 1845 Saaiaty.
747 1761 814 1825 aaa
836 1761 1028 1845 Pilprimaqo
1054 1763 1093 1843 of
1108 1783 1135 1828 s.
1159 1761 1261 1828 Siluia
1288 1763 1328 1844 af
1344 1763 1444 1848 Aqai-
1561 1758 1562 1765 '

299 1869 389 1934 tauta
412 1875 442 1933 to
466 1869 514 1933 the
536 1869 605 1950 body
628 1868 741 1933 Places
763 1871 848 1932 arca
870 1872 937 1932 385
958 1868 1000 1932 Α.
1019 1868 1063 1933 D.
1089 1869 1278 1934 Transdatcd
1299 1870 1374 1934 willa
1396 1871 1444 1933 ia-
1561 1892 1562 1901 ¹

300 1976 474 2040 traduciano
497 1976 563 2038 aad
583 1979 669 2039 actas
691 1975 730 2056 bp
751 1973 838 2039 Jolm
857 1975 899 2038 H.
919 1975 1079 2039 Beraard.
1110 1975 1196 2040 Witb
1218 1998 1262 2039 aa
1284 1978 1446 2057 appendix

299 2083 338 2163 by
360 2081 476 2146 colona
499 2081 554 2146 Sir
580 2081 613 2146 Ο.
644 2079 691 2146 W.
723 2079 853 2146 thsoa.
877 2081 1009 2146 Laudare
1032 2088 1132 2160 1891,
1156 2088 1223 2147 150
1238 2105 1297 2164 pp.
1319 2083 1365 2161 8⁰,
1390 2083 1446 2148 ribi

299 2191 406 2254 teitus
429 2189 547 2255 latinns
572 2209 706 2254 excusus
731 2195 780 2253 est
803 2209 833 2272 p.
859 2190 1023 2253 79-136.
1059 2191 1133 2271 Ipse
1156 2190 1189 2254 in
1212 2194 1445 2274 programmate

300 2297 456 2380 gymnasii
478 2296 599 2360 Annaei
619 2297 812 2380 Aiigustani:
837 2295 996 2360 Kritisclcc
1014 2295 1253 2376 Bemarlcaapaa
1275 2317 1315 2360 aa
1336 2317 1361 2360 s.
1383 2295 1447 2360 sil-

298 2403 371 2466 uc'aa
389 2403 572 2482 Aquitanae
587 2403 799 2486 percpra'aata'c
818 2404 861 2466 ad
879 2402 945 2466 loca
961 2407 1080 2466 sancta.
1106 2399 1174 2465 Vua
1189 2401 1312 2466 Paulas
1334 2400 1445 2484 Geyer.

299 2509 468 2591 Aupsbarp
491 2514 591 2574 1898.
618 2513 663 2572 80
679 2529 735 2590 pp.
756 2507 793 2572 8ο
816 2508 854 2573 de
878 2511 966 2574 textu
991 2508 1109 2574 Siluiae
1133 2509 1327 2574 emendando
1352 2514 1384 2573 ct
1408 2509 1446 2573 de
1561 2536 1562 2605 p

301 2615 479 2679 elocutione
504 2615 572 2680 eius
597 2616 658 2700 egi,
680 2633 836 2698 saepeque
860 2617 991 2682 eandem
1014 2617 1099 2679 uiam
1122 2616 1287 2700 ingressus
1311 2635 1383 2680 sam
1407 2617 1446 2680 ad

300 2723 388 2787 locos
414 2727 576 2804 corruptos
602 2723 756 2788 sanandos
782 2743 877 2807 quarn
902 2723 1108 2801 Cholodnielr‚
1133 2724 1222 2788 auius
1247 2724 1447 2789 coniecturae

301 2847 373 2892 curn
398 2827 534 2892 editione
558 2827 793 2893 Parnialowslrii
816 2828 895 2892 milri
919 2847 978 2892 non
1002 2830 1090 2911 prius
1114 2828 1328 2906 innotuerunt,
1350 2847 1446 2910 quam

301 2934 481 3000 dissertatio
510 2954 581 2999 mea
608 2935 671 2998 iam
699 2934 785 3018 typis
814 2935 948 2999 exscribi
976 2938 1088 3018 coepta
1115 2941 1174 2999 est.
1213 2936 1249 2999 In
1273 2935 1448 3018 appendice

300 3063 330 3125 p.
357 3042 498 3116 51-60,
528 3040 604 3122 quid
631 3041 710 3105 milri
739 3042 776 3106 de
811 3041 1030 3106 Cholodnialrii
1063 3041 1253 3107 coniecturis
1289 3040 1447 3119 uideatur,
1561 3062 1562 3083 r

301 3148 442 3230 exposui.
480 3147 568 3212 Alios
600 3149 688 3213 locos
722 3148 904 3213 emendauit
938 3147 1143 3231 Woelffliaus,
1173 3149 1228 3231 qui
1260 3147 1298 3212 de
1327 3147 1448 3212 Siluiae

301 3272 415 3338 genere
440 3253 562 3318 dicendi
587 3255 653 3339 egit
675 3253 839 3338 Archias.
864 3255 917 3317 lat.
943 3253 1052 3322 Lexa'la.
1072 3255 1097 3318 I
1102 3253 1172 3335 Vp.
1193 3259 1362 3330 asa-76,
1388 3273 1447 3338 ega

300 3359 418 3424 aaaron
445 3359 504 3424 ra
522 3381 558 3440 p.
589 3366 773 3438 arr-cra,
810 3359 894 3437 sarar,
926 3360 957 3426 J.
981 3384 1008 3424 e.
1033 3360 1169 3424 marrae
1200 3358 1449 3426 saracenae
1561 3328 1562 3399 Γ

302 3471 394 3531 1889
413 3472 432 3530 t.
453 3465 541 3530 LIX
557 3472 705 3547 12578„
729 3465 786 3530 Du
809 3465 939 3544 Olresac,
964 3466 1109 3548 Oripa'aas
1130 3468 1173 3530 da
1196 3467 1274 3531 calla
1296 3466 1449 3534 cbrc'liau:
1561 3482 1562 3561 3

301 3575 467 3638 nonnullas
505 3574 742 3639 emendationes
779 3593 835 3656 per
872 3575 997 3640 litteras
1034 3593 1157 3638 mecum
1201 3573 1451 3638 communicauit

301 3679 351 3743 M.
375 3677 509 3756 Batnai,
533 3680 574 3745 cf.
599 3700 629 3763 p.
656 3681 708 3756 54,
733 3683 763 3747 9.
790 3681 843 3758 94,
869 3681 898 3745 1.
938 3679 1018 3745 Cum
1042 3679 1259 3763 compluribus
1282 3679 1362 3744 locis
1385 3678 1449 3743 lec·
1561 3748 1562 3763 3

300 3786 403 3850 tiones
436 3787 554 3852 codicis
589 3807 606 3850 a
634 3806 684 3850 me
715 3790 860 3851 enotatas
884 3787 922 3850 ab
947 3786 993 3850 eis
1017 3786 1239 3867 discreparent,
1264 3805 1343 3867 quas
1368 3783 1450 3850 Cho·
1561 3810 1562 3863 l

300 3893 428 3958 lodnialr
457 3894 555 3971 affert,
580 3897 612 3958 et
639 3913 720 3977 quae
747 3895 779 3956 in
809 3893 948 3958 secunda
976 3892 1113 3957 editione
1143 3891 1335 3957 Gamurrinii
1361 3891 1450 3956 inne·
1561 3952 1562 3971 3

301 4000 440 4076 niuntur,
460 4037 503 4046 —-
524 3999 721 4066 Cholodnialr
746 4000 829 4064 enim
852 4020 884 4083 p.
904 3999 968 4063 262
993 4019 1047 4064 eos
1071 4002 1159 4064 locos
1183 3999 1356 4082 congessit,
1382 3999 1450 4080 qui·
1562 4017 1563 4040 ³

301 4107 361 4170 bus
386 4127 403 4170 a
426 4108 565 4171 secunda
589 4107 725 4172 editione
751 4107 943 4172 Gamrrrrinii
968 4105 1118 4170 dissentit
1141 4143 1184 4152 —-
1208 4105 1365 4170 interdum
1394 4105 1450 4169 du·

300 4213 412 4277 bitatio
447 4214 557 4277 oborta
590 4216 647 4278 est.
683 4212 837 4292 Quoniam
866 4217 971 4278 autem
1001 4213 1117 4278 collata
1143 4212 1254 4277 tabula
1280 4211 1451 4296 photogra-
1561 4218 1562 4295 3

301 4319 395 4402 plrica
419 4319 547 4398 codicis,
568 4339 663 4401 quam
683 4319 864 4385 Gamurrini
889 4318 1019 4384 editioni
1042 4319 1139 4402 priori
1157 4319 1289 4396 addidit,
1308 4316 1451 4382 intellexi
1561 4302 1562 4375 ἐ
