3125 4942
635 474 880 529 Adamnanns
1258 473 1322 537 281

169 693 243 738 rum
273 673 326 738 uel
353 674 552 757 negotiorum
582 672 745 736 abundans
768 676 874 736 totum
896 671 1054 735 frumento
1079 669 1136 734 alit
1159 672 1254 750 atque
1276 669 1322 733 in·

170 780 271 846 struit
295 780 482 845 necessariis
510 779 668 844 mercibus
697 779 805 843 orbem
832 783 997 843 terrarum.
1035 775 1095 841 Cui
1118 776 1243 841 scilicet
1264 777 1323 840 tali

168 887 304 973 regioni,
327 905 407 970 quae
430 887 541 969 procul
564 885 659 950 dubio
683 883 866 968 pluuiarum
889 883 999 968 indiga
1021 886 1081 960 est,
1108 883 1175 946 Nili
1198 883 1324 967 inrigua

170 997 364 1076 spontaneos
391 994 508 1058 imbres
536 993 727 1070 ministrent,
755 992 812 1056 ubi
843 995 1016 1074 utrumque
1048 1008 1125 1054 arua
1155 993 1321 1072 temperat,

137 1100 232 1165 eboc
265 1103 316 1165 est
347 1101 426 1165 caeli
458 1101 586 1164 ubertas
621 1103 654 1164 et
680 1105 781 1164 terrae
810 1099 999 1176 fecunditas,
1027 1101 1061 1162 et
1086 1097 1142 1162 ubi
1168 1098 1191 1179 t
1219 1096 1323 1180 opima

170 1207 278 1271 nautis
292 1211 324 1271 et
338 1207 487 1290 agricolis
502 1207 606 1273 solum
621 1207 695 1270 usui
709 1207 911 1271 commodum
929 1206 1073 1270 babetur.
1096 1205 1140 1270 Hi
1158 1204 1322 1287 nauigant,

167 1311 219 1376 illi
254 1317 371 1389 serunt,
404 1312 460 1376 isti
493 1313 775 1378 circumdabuntur
807 1313 957 1396 nauigiis,
990 1313 1037 1376 illi
1071 1311 1218 1376 excolunt
1254 1310 1322 1376 sine

169 1421 274 1484 aratro
311 1423 461 1496 serentes,
495 1418 619 1483 uiantes
657 1419 725 1484 sine
764 1423 923 1500 carpento.
969 1417 1163 1482 Distinctam
1193 1417 1322 1482 fluentis

169 1541 279 1588 cernas
302 1525 462 1608 regionem
486 1529 519 1590 et
542 1525 634 1606 qnasi
658 1525 848 1608 quibusdem
872 1525 1029 1590 excelsam
1047 1523 1216 1588 moenibus
1233 1523 1322 1588 naui·

123 1658 147 1696 ro
168 1632 306 1716 giorum.
343 1631 432 1697 Totis
456 1631 617 1696 domicilia
638 1632 732 1696 terris
756 1634 970 1716 (negentur),
989 1651 1069 1715 qnae
1092 1629 1159 1694 Nili
1181 1628 1321 1695 fluminis

166 1739 308 1822 riparum
337 1739 534 1824 marginibus
563 1757 599 1806 ex
626 1743 760 1822 utraque
788 1741 958 1804 cobserent
984 1742 1082 1820 parte.
1119 1736 1321 1820 Nauigabilis

167 1845 252 1909 eninr
277 1849 327 1910 ost
350 1865 452 1928 nsque
475 1845 515 1910 ad
537 1846 659 1924 urbem,
679 1849 716 1910 ut
739 1846 1161 1930 appellant‚1llofent01·um;
1185 1843 1320 1907 ulterius

166 1971 283 2016 nauem
306 1953 474 2034 procedere
499 1955 684 2028 cataractae,
704 1953 764 2017 boo
789 1956 839 2017 est
860 1953 1039 2018 fluminales
1062 1971 1217 2034 aquarum
1238 1949 1320 2027 tolli,

166 2077 231 2122 non
250 2060 368 2137 sinunt,
383 2077 444 2122 non
465 2058 590 2124 defectu
610 2061 758 2144 gurgitis,
777 2061 838 2124 'sed
856 2062 957 2125 totius
976 2058 1116 2124 fluminis
1134 2056 1321 2141 praecipitio

122 2191 145 2231 rs
167 2169 202 2229 et
224 2165 360 2247 quadarn
383 2166 474 2230 ruina
496 2167 690 2230 currentium
714 2187 877 2249 aquarum.

215 2270 323 2336 Sancti
347 2271 446 2355 igitur
462 2273 582 2336 Arculfi
606 2273 716 2339 relatio
741 2275 779 2338 de
798 2273 1005 2340 Alexandriae
1028 2273 1094 2338 situ
1114 2275 1147 2337 et
1164 2271 1238 2336 Nilo
1257 2290 1319 2337 nou

169 2375 349 2460 discrepare
378 2379 589 2461 conprobatur
616 2381 654 2444 ab
683 2381 849 2464 hisquae
877 2382 908 2445 in
932 2381 1066 2445 aliorum
1090 2379 1179 2443 libris
1203 2378 1322 2460 scripta

168 2501 205 2547 er
232 2483 370 2549 lectione
398 2486 618 2569 cognobimus.
657 2487 703 2551 De
727 2489 843 2569 quibus
867 2487 1020 2570 quaedam
1044 2487 1135 2552 breui
1158 2489 1247 2550 textu
1271 2503 1320 2548 er·

168 2595 278 2672 cerpta
309 2590 340 2654 in
373 2592 432 2656 hac
464 2593 622 2674 praesenti
655 2593 861 2677 discriptione
893 2593 1079 2677 interposita
1115 2593 1320 2670 inseruimus,

122 2725 148 2766 ιο
167 2695 229 2760 hoc
252 2699 302 2762 est
324 2696 363 2763 de
384 2697 472 2763 illius
496 2699 737 2782 inportuositato
763 2701 860 2780 urbis,
881 2701 919 2766 dc
936 2701 1101 2784 portuensi
1120 2699 1318 2776 difficultate,

260 2890 272 2942 1
293 2889 496 2958 negotiatorum
515 2890 559 2943 Br
657 2891 798 2946 abundans
818 2909 887 2947 corr.
907 2909 940 2946 ex
958 2891 1099 2946 abundant
1117 2893 1143 2946 Z
1159 2890 1318 2945 habundans

168 2975 211 3028 Br
265 2977 309 3030 uel
329 2977 377 3032 alii
395 2981 486 3048 atque,
507 2979 555 3033 aad
573 2995 642 3034 corr.
663 2983 689 3034 2.
709 2997 743 3034 m.
758 2980 803 3034 Br
855 2980 1080 3036 incrassarisZ
1131 2979 1263 3034 mortibus
1278 2979 1321 3033 Br

169 3065 184 3118 3
203 3065 310 3133 regioni
329 3082 397 3120 corr.
418 3083 450 3120 co:
468 3069 578 3137 regione
597 3069 621 3122 Z
719 3067 849 3138 indigena
868 3069 912 3124 Br
1004 3069 1073 3124 nibil
1092 3069 1201 3138 inrigua
1218 3069 1319 3122 imbres

168 3153 325 3207 ministrant
344 3159 508 3224 spontaneos
522 3158 548 3211 Z
599 3159 616 3210 4
635 3159 770 3226 temperet
789 3158 857 3212 baec
875 3162 917 3212 eet
929 3158 974 3212 Br
1026 3161 1042 3213 5
1062 3158 1172 3213 ubertas
1185 3161 1274 3211 terrae
1291 3157 1321 3211 Y

168 3243 257 3312 opime
281 3243 309 3296 Y
330 3245 454 3312 opimena
477 3244 521 3298 Br
544 3247 644 3315 optime
664 3247 689 3298 Z
798 3249 814 3300 6
837 3248 910 3316 ueni]
935 3247 978 3300 eni
996 3248 1040 3301 ΒΓ
1164 3247 1318 3300 mirantia

167 3332 278 3387 modum
301 3333 416 3386 turbata
440 3337 465 3387 et
488 3339 620 3404 corrupto
642 3340 708 3388 sunt
725 3335 812 3390 uerba
830 3337 1182 3406 Hegesippip.265‚16.·
1204 3339 1316 3399 ‚utrum-

167 3438 219 3491 que
240 3423 265 3475 ei
279 3421 305 3474 N
308 3421 359 3475 ilus
378 3425 429 3486 eet,
445 3423 512 3477 caeli
526 3423 636 3476 ubertus
650 3428 793 3493 terraeque
807 3425 968 3481 fecunditas.
986 3427 1060 3479 Arna
1072 3429 1214 3496 temperat,
1228 3425 1318 3478 solnm

167 3513 280 3581 opimat.
300 3511 391 3564 nautis
410 3518 438 3566 et
456 3512 583 3582 agricolis
602 3513 678 3566 iuxta
696 3513 776 3567 usui.'
878 3515 930 3618 ¹hi
951 3531 1020 3571 corr.
1040 3531 1074 3569 ex
1096 3515 1138 3568 his
1157 3515 1183 3567 Z
1204 3529 1255 3567 oar.
1275 3514 1318 3567 Br

167 3627 296 3680 bierunt
321 3626 349 3678 Y
417 3628 670 3682 circumueohnntur
694 3630 722 3683 Y
791 3631 899 3699 nauigis
919 3646 986 3684 corr.
1007 3635 1034 3687 2.
1055 3648 1089 3684 m.
1109 3630 1151 3683 Br
1222 3630 1315 3684 Scar-

164 3716 292 3784 psntisZ
345 3715 504 3770 distinctam
521 3717 714 3773 Ydistinctam
731 3736 835 3773 erc-um
851 3736 919 3774 corr.
934 3725 961 3773 2.
975 3721 1067 3775 m.Br
1102 3722 1211 3791 9quasi
1225 3737 1276 3774 cor.
1291 3721 1318 3774 Z

165 3802 359 3858 excelsaccdd.
398 3805 982 3878 10neganturaddidtcott.Hep.p.265,21
1035 3808 1318 3873 nibilicorr.2.m.Br

164 3918 285 3972 fluminis
300 3935 370 3974 corr.
385 3937 418 3974 ex
430 3921 556 3976 fluminili
568 3923 594 3976 Ζ
648 3925 678 3977 11
700 3891 816 3994 utrpque
836 3941 906 3979 corr.
926 3929 953 3979 2.
973 3943 1006 3979 m.
1024 3927 1069 3978 Br
1139 3929 1219 3996 parto
1237 3925 1315 3980 cohe-

164 4013 227 4062 rent
251 4007 280 4061 Y
369 4010 401 4062 12
425 4011 564 4078 appellent
582 4011 625 4065 Br
732 4013 910 4068 elefantorum
934 4029 1003 4068 corr.
1026 4031 1061 4068 ex
1084 4013 1254 4070 elifantorum
1273 4015 1317 4068 Br

166 4123 199 4178 13
210 4124 352 4195 katarectp
368 4123 540 4180 erateracte
551 4127 593 4180 Br
647 4129 681 4182 14
694 4094 744 4194 apog
754 4129 862 4183 defectu
871 4131 897 4184 Z
939 4131 1084 4200 praecipiti
1096 4131 1149 4184 YZ
1159 4131 1315 4200 praecipitis

164 4213 208 4266 Br
230 4213 391 4284 praecipitio
414 4216 514 4293 scripsi
536 4215 597 4270 coll.
622 4217 691 4286 Περ.
710 4221 830 4286 12265,
856 4222 896 4272 23
987 4219 1020 4273 18
1049 4219 1082 4272 dc
1106 4220 1267 4290 quibusdam
1291 4221 1320 4274 Y

167 4303 200 4356 19
228 4301 461 4372 ‹leecriptioneY
550 4305 584 4359 20
608 4306 823 4376 inoportunitate
847 4309 872 4361 Ζ
959 4308 1002 4361 nel
1027 4310 1181 4378 portuensis
1204 4310 1315 4364 deficnl-

165 4393 223 4444 tate
244 4391 287 4444 Br
