3125 4942
478 427 481 433 ’
544 412 686 464 Petrus
715 408 906 463 diaconus
1236 412 1299 477 119

153 605 322 670 admodum
346 604 432 670 sedit
454 607 487 669 et
505 602 771 688 quemadmodum
791 602 914 687 lapides
934 604 993 669 suh
1013 604 1157 669 cubitum
1176 604 1300 678 habuit,

152 712 243 776 hodie
266 716 365 794 paret.
390 714 438 777 lbi
462 712 558 777 etiam
578 711 707 795 Moyses
727 710 855 775 deuicto
874 710 1025 775 Amalech
1045 712 1143 775 altare
1161 711 1298 777 Domino

152 819 340 885 aediiicauit.
356 820 532 885 intantum
547 822 654 883 autem
668 818 760 883 locus
774 818 836 883 iste
853 813 1041 904 [quolusquo
1056 816 1095 881 ad
1109 818 1299 902 quingentos

151 944 265 1007 passus
285 932 408 991 erectus
429 930 487 1003 est,
512 944 548 991 ac
572 925 599 991 si
622 944 677 1008 per
700 925 854 1007 parietem
878 924 1004 989 subeas.
1027 924 1075 989 Do
1097 924 1197 989 Faran
1221 944 1296 990 uero

123 1050 252 1115 susque
277 1033 315 1097 ad
339 1037 480 1099 montem
505 1036 648 1098 sanctum
673 1032 757 1115 Syna
776 1032 866 1097 milia
883 1032 1014 1115 triginta
1032 1032 1182 1115 quinque.
1200 1031 1297 1096 Porro

151 1138 180 1202 in
200 1140 336 1204 Aseroth
355 1140 458 1205 adhuc
473 1149 611 1222 apparet,
628 1138 895 1220 quemadmodum
914 1138 975 1203 fuit
994 1137 1032 1201 de
1051 1138 1156 1219 lapide
1175 1139 1297 1203 uallum

150 1244 267 1326 ipsum,
282 1246 338 1311 uhi
356 1246 580 1311 habitauerunt
598 1244 656 1310 filii
670 1244 803 1322 Israhel,
818 1264 891 1310 cum
909 1248 1144 1309 reuerterentur
1158 1264 1177 1309 a
1191 1248 1297 1309 monte

151 1350 210 1416 dei.
239 1350 357 1416 Throni
385 1351 481 1417 otiam
504 1354 569 1417 tros
596 1350 641 1415 ihi
665 1352 741 1415 sunt
764 1350 804 1413 de
830 1350 991 1432 lapidibus
1013 1349 1090 1415 facti
1113 1349 1237 1414 modice
1264 1351 1296 1415 iu

149 1457 275 1524 editiori
297 1459 378 1533 loco,
402 1478 485 1523 unus
509 1458 624 1541 Moysi,
648 1456 763 1540 reliqui
787 1476 863 1523 uero
885 1458 989 1523 Aaron
1013 1460 1044 1522 et
1066 1457 1184 1523 Iethro.
1208 1458 1298 1524 Cella

109 1586 132 1623 n
149 1568 266 1643 autern,
290 1565 346 1629 ubi
370 1568 514 1649 separata
531 1565 593 1629 fuit
611 1565 712 1629 Maria
730 1564 834 1647 Moysi
853 1584 951 1643 soror,
969 1584 1072 1647 usque
1090 1564 1183 1629 hodie
1202 1585 1298 1647 super

149 1678 263 1737 terram
287 1672 368 1736 duos
391 1671 488 1753 pedes
512 1670 639 1737 eminet.

191 1778 388 1843 AhAseroth
399 1780 617 1860 antemnaque
628 1776 666 1841 ad
677 1778 818 1841 montena
829 1780 975 1841 sanctum
986 1776 1295 1860 Synaintermontcs

148 1885 188 1949 ad
209 1885 370 1949 dexteram
394 1888 426 1949 et
448 1884 609 1949 sinistram
627 1886 731 1949 totum
751 1902 807 1966 per
824 1884 942 1948 uallem
960 1884 1063 1966 ipsam
1082 1886 1295 1951 monumentis

147 1992 276 2075 plenum
291 1993 349 2057 est.
364 1990 465 2073 Prope
483 1994 712 2055 uehementem
732 1993 877 2055 sanctum
894 1992 928 2055 in
947 1990 1029 2067 loco,
1046 1990 1101 2074 qui
1119 1994 1296 2075 appellatur

109 2120 131 2158 a
148 2098 292 2181 sepulcra
307 2096 591 2181 concupiscentiae,
607 2100 710 2161 totum
725 2096 882 2179 sepulcris
895 2096 1026 2178 plenum
1041 2102 1100 2162 est.
1115 2099 1294 2180 Antequam

149 2222 222 2268 uero
241 2203 409 2287 peruenias
434 2202 472 2267 ad
496 2206 635 2269 montem
656 2202 747 2286 Syna,
768 2206 844 2267 sunt
866 2221 920 2267 ser
941 2206 1077 2280 montes,
1097 2203 1151 2285 qui
1174 2205 1295 2269 facirrnt

147 2310 263 2375 uallem
283 2308 448 2388 infinitam,
468 2309 686 2393 planissimam
706 2313 738 2374 et
755 2309 849 2374 ualde
868 2310 1042 2392 pulchram.
1062 2310 1160 2375 Trans
1176 2312 1294 2377 uallem

147 2435 221 2481 uero
244 2416 348 2498 ipsam
374 2419 503 2499 apparet
524 2434 615 2480 mons
639 2418 768 2481 sanctus
794 2415 887 2498 Syna.
910 2416 1014 2481 Locus
1037 2420 1156 2493 autom,
1180 2418 1235 2483 uhi
1259 2438 1294 2483 se

147 2526 270 2588 montes
294 2523 450 2606 aperiunt,
478 2523 606 2589 iunctus
631 2527 681 2589 est
708 2542 781 2589 cum
806 2541 842 2588 eo
866 2522 947 2601 loeo,
971 2524 1026 2590 uhi
1049 2529 1125 2590 sunt
1147 2527 1294 2609 sepulcra

109 2653 132 2693 ao
147 2630 431 2713 concupiscentiae.
450 2630 479 2694 A
498 2630 567 2697 loco
587 2632 705 2707 autem,
725 2630 807 2695 undo
826 2630 962 2709 uidetur,
982 2651 1085 2715 usque
1099 2632 1138 2698 ad
1151 2637 1292 2699 montom

148 2738 230 2820 Syna
265 2740 342 2801 sunt
368 2756 422 2820 per
449 2737 567 2801 uallem
595 2734 696 2820 ipsam
720 2741 857 2819 quatuor
878 2737 967 2801 milia
989 2758 1153 2821 passuum.
1190 2740 1293 2807 Vallis

147 2848 251 2909 autem
279 2844 351 2926 ipsa
377 2843 489 2927 ingens
512 2842 605 2908 ualde
629 2846 688 2922 est,
716 2842 823 2909 iacens
847 2845 907 2909 sub
931 2844 1066 2926 pedihus
1089 2847 1206 2912 montis
1230 2848 1291 2928 dei,

148 2970 225 3033 quae
248 2951 345 3015 hahet
366 2950 398 3015 in
421 2948 621 3034 longitudino
645 2970 759 3033 passus
785 2951 924 3016 sedecim
946 2952 1045 3030 milia,
1069 2954 1100 3017 in
1123 2954 1292 3023 latitudine

147 3062 249 3122 autem
283 3061 419 3139 quatuor
449 3057 547 3122 milia.
599 3054 660 3135 Qui
693 3058 765 3123 uurlt
796 3076 871 3141 ergo
903 3058 943 3123 ad
974 3065 1115 3125 montem
1147 3066 1292 3128 sanctum

110 3192 132 3233 s
146 3182 283 3247 pergere,
316 3182 373 3245 per
399 3166 615 3229 transuersum
644 3163 683 3228 ad
711 3164 829 3228 uallem
856 3164 944 3229 illam
973 3164 1164 3233 deambulat.
1203 3169 1291 3233 Haec

148 3273 195 3335 est
225 3274 332 3335 autom
365 3268 460 3335 uallis
493 3270 604 3354 ingens
633 3274 665 3336 et
696 3271 891 3353 planissima,
923 3270 955 3335 in
989 3292 1052 3353 qua
1082 3272 1140 3337 filii
1171 3275 1292 3341 Israhel

148 3376 331 3441 commorati
358 3380 443 3453 sunt,
471 3377 595 3460 quando
618 3377 747 3461 Moyses
775 3378 839 3443 fuit
864 3379 896 3442 in
920 3383 1059 3443 montom
1084 3380 1292 3467 quadraginta

148 3481 254 3549 diebus
270 3486 302 3548 et
317 3482 525 3568 quadragu'uta
540 3483 698 3550 noctibus.
713 3485 816 3549 Locus
832 3489 948 3563 autem,
959 3486 1015 3551 uhi
1029 3487 1133 3552 faetus
1143 3495 1194 3553 est
1207 3489 1290 3554 uitu-

147 3590 205 3666 lus,
215 3608 320 3672 usqua
334 3589 429 3655 hodie
445 3590 633 3667 ostenditur,
644 3610 716 3655 nam
731 3592 812 3673 lapis
824 3592 951 3675 grandis
966 3592 1011 3657 ihi
1025 3593 1104 3659 fixus
1118 3597 1192 3660 stat.
1203 3595 1290 3661 Haec

110 3722 132 3765 n
148 3712 218 3779 orgo
236 3696 332 3761 uallis
352 3696 422 3780 ipsa
444 3700 504 3775 est,
527 3697 558 3761 in
583 3698 674 3763 cuius
699 3698 802 3782 capite
825 3698 880 3762 ille
903 3700 994 3764 loeus
1018 3703 1077 3777 est,
1101 3701 1157 3765 ubi
1179 3706 1289 3767 sancto

150 3800 250 3885 Moysi
267 3802 395 3867 locutus
419 3807 469 3867 ost
491 3803 569 3869 deus
593 3804 624 3867 in
648 3804 726 3869 ruho
750 3804 789 3867 de
812 3804 895 3889 igne.
914 3806 964 3871 Ah
984 3825 1046 3871 uno
1066 3808 1173 3871 autem
1190 3808 1289 3873 latere

149 3907 282 3989 optimus
311 3910 361 3973 est
389 3926 539 3974 ascensus
566 3908 598 3973 in
627 3912 768 3976 montem
798 3913 829 3974 et
857 3910 895 3975 ah
924 3911 985 3977 alio
1013 3910 1201 3989 desceusns;
1233 3933 1290 3997 per

180 4135 196 4187 2
214 4138 311 4203 parant
328 4133 418 4189 Βίαντι
498 4134 647 4189 Hamslech
669 4134 834 4189 Garunnam
905 4136 922 4189 3
940 4136 998 4205 ipse
1017 4152 1102 4204 usque
1124 4136 1290 4194 Gamurrini

149 4221 162 4273 7
181 4220 353 4275 abitauerunt
374 4220 398 4275 0
502 4223 518 4276 8
537 4222 576 4275 ibi
595 4239 646 4277 orn.
669 4222 836 4278 camaram·
943 4225 978 4279 24
996 4222 1032 4277 ad
1049 4239 1101 4278 om.
1123 4224 1289 4311 samogam

148 4308 179 4361 25
197 4310 281 4377 ipsam
303 4309 469 4364 Gamrrrra'ni
