3125 4942
464 440 490 493 S.
520 440 673 493 Siluiae
702 440 981 510 peregrinatio
1258 445 1300 507 65

148 638 217 700 ante
241 634 389 701 accedero
413 634 576 717 usquead
600 633 737 713 Charus,
767 634 841 717 quia
864 635 958 700 modo
983 635 1029 700 sic
1053 634 1178 701 dicitur.
1215 637 1297 701 Nam

147 744 176 805 iu
202 742 370 825 scripturis
395 743 513 807 sanctis
534 742 618 807 dicta
638 746 688 807 est
707 740 834 817 Choma,
858 741 914 805 ubi
932 746 1076 807 moratus
1095 746 1146 806 ost
1167 745 1298 807 sanctus

147 848 293 927 Abraam
305 848 552 931 sicutscriptnm
563 848 653 913 estin
670 847 797 925 Genesi,
809 847 1079 914 diconthomino
1095 848 1134 913 ad
1148 849 1298 913 Abraam:

147 955 284 1019 Eride
312 959 422 1020 terra
449 958 518 1019 tua
546 958 586 1019 ct
613 954 796 1019 dedomo
826 955 959 1037 patris
983 956 1045 1020 tui
1074 958 1113 1019 et
1135 956 1236 1019 uado
1260 956 1298 1019 in

121 1061 336 1127 sCharram
369 1064 402 1125 ct
433 1062 563 1143 reliqua.
599 1060 697 1133 (Ibi)
733 1080 808 1145 orgo
837 1079 911 1125 cum
939 1062 1111 1139 cepissem,
1134 1061 1168 1125 id
1195 1065 1245 1125 est
1266 1059 1342 1126 in2

148 1166 274 1245 Charra,
307 1168 353 1231 ibi
382 1167 491 1233 statim
520 1168 566 1233 fui
594 1168 633 1232 ad
663 1168 842 1246 ecclesiam,
875 1186 956 1249 quae
983 1172 1033 1233 cst
1057 1168 1141 1232 intra
1167 1168 1298 1231 ciuitate

147 1274 224 1356 ipsa,
255 1274 324 1340 uidi
349 1276 444 1339 otiam
472 1294 544 1340 mox
568 1274 753 1357 episcopum
782 1273 845 1339 loci
872 1273 975 1356 ipsius
999 1292 1074 1339 uera
1096 1277 1242 1340 sanctum
1267 1278 1299 1338 et

148 1380 308 1445 hominem
336 1380 406 1457 Dei,
440 1384 473 1445 et
504 1381 611 1464 ipsum
640 1384 673 1445 et
704 1381 897 1445 monachum
925 1386 958 1446 ct
986 1382 1211 1459 confessorem,
1243 1382 1297 1464 qui

21 1568 23 1579 7
148 1506 216 1553 mox
238 1488 330 1552 nobis
352 1488 456 1551 omnia
474 1488 545 1552 loca
563 1487 608 1552 ibi
627 1486 793 1553 ostendero
809 1488 958 1571 dignatus
975 1492 1033 1564 est,
1047 1506 1126 1570 quae
1142 1488 1298 1553 desidera·

109 1618 131 1654 ro
147 1593 270 1659 bamus.
313 1594 395 1658 Nam
424 1594 514 1659 duxit
540 1613 597 1659 nos
626 1593 736 1659 statim
765 1594 1007 1670 absconsam,
1036 1613 1117 1676 qnae
1141 1598 1191 1659 est
1212 1594 1296 1659 foras
1321 1590 1341 1652 3

148 1702 311 1766 ciuitatem
341 1702 371 1765 in
402 1720 438 1765 eo
465 1700 547 1780 loco,
576 1700 631 1766 ubi
660 1701 723 1765 fuit
746 1700 860 1766 domus
885 1701 987 1765 sancti
1009 1701 1164 1777 Abrahae,
1191 1700 1299 1766 idest

146 1808 175 1871 in
194 1807 275 1889 ipsis
295 1807 509 1873 fundamentis
532 1810 565 1871 et
584 1806 622 1871 dc
642 1807 712 1890 ipso
727 1807 843 1889 lapide,
859 1810 1015 1871 attamen
1030 1806 1296 1873 dicebatsanctus

147 1914 327 1997 episcopus.
370 1913 448 1979 Cum
478 1932 552 1997 crgo
581 1913 782 1978 uenissamus
810 1913 843 1978 in
871 1914 942 1995 ipsa
970 1914 1113 1991 ccclesia,
1137 1914 1221 1979 iacta
1248 1917 1298 1979 est

148 2022 246 2085 oratio
287 2024 320 2085 et
350 2021 452 2085 lectus
486 2021 555 2104 ipse
587 2020 679 2085 locus
712 2020 750 2085 do
780 2020 908 2095 Genesi,
941 2020 1046 2085 dictus
1085 2020 1181 2085 etiam
1213 2040 1296 2085 unus

109 2151 131 2192 n
148 2128 301 2210 psalmus,
326 2130 358 2191 ct
380 2126 494 2191 iterata
522 2128 661 2193 oratione
691 2131 723 2191 et
751 2126 797 2191 sic
825 2126 1014 2191 benedicens
1042 2146 1100 2191 uos
1129 2127 1296 2210 episcopus

148 2235 268 2317 egressi
292 2254 404 2299 sumus
427 2234 521 2299 foras.
544 2235 625 2329 Itorp
646 2232 866 2319 dignatusest
888 2234 1078 2299 nosdnoere
1101 2233 1141 2299 ad
1164 2239 1296 2315 puteum
1319 2230 1340 2293 4

147 2341 248 2413 illum,
283 2341 366 2405 undo
398 2342 545 2423 portabat
577 2360 691 2424 aquam
726 2344 836 2405 sancta
863 2340 1015 2406 Rebecca.
1061 2341 1103 2405 111
1134 2341 1179 2403 ait
1205 2341 1295 2407 nobis

148 2453 276 2513 sanctus
301 2448 485 2531 episcopus:
515 2451 738 2530 computans,
763 2446 846 2512 unde
874 2448 999 2529 putauit
1022 2451 1131 2511 sancta
1152 2446 1296 2512 Rebecca

147 2557 285 2620 camelos
308 2555 399 2637 puori
424 2556 523 2619 sancti
548 2554 702 2626 Abrabae,
731 2552 763 2617 id
788 2556 838 2618 est
860 2552 1016 2627 Eleazari3
1046 2557 1079 2619 et
1101 2552 1228 2637 singula
1249 2554 1295 2619 ita

107 2685 130 2725 a
146 2660 235 2727 nobis
266 2660 456 2745 dignabatur
484 2660 660 2725 ostendere.
702 2658 785 2724 Nam
812 2659 959 2734 ecclesia,
993 2678 1087 2741 quam
1115 2658 1179 2724 diri
1210 2656 1338 2724 sorasb

147 2766 321 2843 ciuitatem,
342 2766 487 2831 dominae
503 2786 627 2831 sorores
644 2765 850 2841 uenerabiles,
870 2765 927 2830 ubi
942 2764 1004 2830 fuit
1017 2766 1166 2848 primitus
1180 2765 1294 2831 domus

145 2874 300 2951 Abrahae,
333 2892 416 2937 nunc
444 2876 477 2937 et
503 2873 689 2957 martyrium
722 2871 767 2936 ibi
795 2872 937 2955 positum
965 2876 1024 2948 est,
1055 2872 1088 2937 id
1116 2876 1166 2937 est
1193 2875 1294 2937 sancti

146 2979 312 3045 cuiusdam
345 2979 492 3045 monachi
525 2980 652 3045 nomino
681 2978 822 3061 Heipidi.
863 2978 933 3045 Hoc
960 2982 1068 3043 autem
1095 2978 1185 3043 nobis
1214 2980 1292 3045 satis

146 3092 271 3169 gratnm
296 3086 413 3165 euenit,
437 3091 474 3150 ut
496 3086 597 3170 pridie
621 3087 809 3170 martyrium
832 3087 883 3151 dic
906 3086 951 3151 ibi
974 3086 1165 3163 actitemus,
1188 3084 1221 3149 id
1244 3089 1294 3151 est

104 3218 128 3258 a
147 3194 245 3259 sancti
269 3192 372 3277 ipsius
396 3192 548 3275 Helpidii‚
577 3210 657 3257 nono
681 3193 712 3257 k.
736 3192 847 3270 maias,
877 3192 1034 3275 adquam
1058 3192 1141 3257 diem
1163 3211 1293 3257 necesse

145 3299 205 3364 fuit
241 3298 380 3382 undique
420 3304 453 3363 et
489 3299 526 3364 de
565 3298 712 3363 omnibus
744 3298 995 3381 Mesopotamiae
1030 3297 1147 3363 finibus
1184 3317 1292 3365 omnes

146 3406 315 3471 monachos
343 3409 375 3471 in
404 3405 520 3473 Charra
548 3404 748 3479 descendero,
778 3406 876 3470 etiam
904 3408 936 3470 et
966 3406 1040 3471 illos
1068 3405 1214 3481 maiores
1238 3406 1292 3487 qni

145 3514 174 3577 in
199 3512 372 3579 solitudine
402 3512 563 3589 sedebant,
593 3530 672 3595 qnos
697 3512 813 3577 ascitas
836 3516 964 3589 uocant,
991 3531 1047 3595 por
1068 3512 1150 3576 diem
1174 3510 1292 3594 ipsum.

146 3620 197 3701 qui
219 3619 266 3684 ibi
291 3618 369 3684 satis
394 3618 553 3705 munditer
572 3617 755 3696 attenditur,
780 3620 814 3682 et
835 3622 964 3701 propter
985 3618 1170 3683 memoriam
1190 3618 1292 3682 sancti

104 3750 127 3791 u
144 3725 297 3803 Abrahae,
332 3725 405 3807 quia
433 3724 546 3790 domus
575 3724 678 3808 ipsius
706 3724 778 3803 tuit,
811 3725 868 3789 ubi
895 3744 976 3790 nunc
1005 3724 1140 3789 ecclesio
1167 3728 1226 3801 est,
1259 3724 1290 3787 in

146 3851 205 3914 qua
231 3830 374 3915 positum
404 3836 454 3897 est
482 3850 595 3914 corpus
623 3830 725 3913 ipsius
755 3832 858 3896 sancti
885 3832 1042 3914 martyris.
1081 3832 1192 3914 Itaque
1216 3850 1290 3915 ergo
1316 3829 1335 3892 6

231 4080 334 4138 iiten.
357 4083 397 4147 12,
419 4084 431 4137 l
491 4084 522 4137 17
543 4082 576 4138 cf.
597 4082 664 4138 Gen.
684 4083 727 4147 24,
750 4086 782 4138 15
803 4101 823 4139 e.
842 4102 867 4153 q.
886 4100 908 4141 s.

182 4250 193 4303 1
214 4208 296 4305 garris
315 4252 342 4305 A
439 4250 455 4305 2
476 4208 551 4305 charra
568 4252 595 4305 A
693 4252 770 4307 51bi
790 4254 849 4322 ipse
865 4253 995 4321 suppleas·
1012 4269 1043 4307 eo
1058 4267 1113 4321 pro
1133 4269 1197 4321 ergo
1219 4251 1289 4307 coni.

147 4338 319 4395 Ciwlodna'ak
373 4340 406 4394 15
427 4339 572 4395 bendicens
591 4342 618 4394 A
674 4342 707 4396 18
727 4344 837 4412 putauit
854 4358 924 4399 corr.
943 4358 976 4397 ac
994 4342 1115 4412 portauit
1132 4344 1160 4395 Α

171 4464 295 4505 xxxvun
310 4462 365 4507 mn.
380 4464 493 4506 arenosos.
1237 4450 1254 4503 5
