3125 4942
277 1202 397 1267 Fausto
420 1201 603 1285 presbytero
626 1202 772 1267 insulano
797 1204 972 1269 Eucherius
996 1205 1176 1288 episcopus.

196 1342 496 1409 Hierusolimitanae
519 1342 606 1408 urhis
631 1342 729 1409 situm
749 1348 844 1427 atquc
867 1344 968 1427 ipsius
992 1346 1139 1425 Iudaeae,
1163 1350 1199 1412 ut
1224 1346 1302 1411 mihi

153 1451 202 1515 nel
233 1450 386 1515 relatione
418 1450 563 1535 cognitus
601 1453 668 1514 erat
700 1450 753 1514 uel
788 1450 923 1515 lectione
954 1456 1132 1535 conpertus,
1161 1454 1302 1519 breuiter

153 1558 314 1639 amplexus
341 1576 413 1621 sum
435 1556 526 1620 breui
551 1560 583 1620 et
605 1555 712 1639 ipsum
736 1556 930 1640 praefatione
953 1556 1107 1637 indicans,
1128 1560 1202 1642 quia
1226 1580 1301 1642 opu·

124 1664 241 1729 seculo
265 1682 326 1728 non
347 1662 461 1727 diffuso
480 1681 681 1745 nequaquam
699 1682 770 1727 esse
791 1662 938 1727 diffusam
953 1664 1178 1747 praefationem
1199 1665 1299 1731 decet.

152 1769 228 1834 Vale
251 1770 283 1834 in
308 1770 444 1846 Christo,
469 1770 565 1834 decus
590 1773 622 1833 et
644 1769 837 1852 praesidium
861 1789 979 1837 mcum.

193 1877 395 1941 Hierusalem
426 1876 465 1939 ab
497 1875 587 1940 Aelio
619 1875 755 1941 Adriano
787 1876 879 1941 Aelia
910 1877 1078 1955 annitatur,
1117 1898 1189 1942 nam
1226 1881 1300 1961 post

152 1984 391 2048 subuersionem
409 1983 474 2047 Titi
498 1982 669 2047 conditoris
688 1983 772 2047 Aelii
796 2002 908 2047 nornen
933 2003 1006 2048 cum
1030 2002 1122 2065 opere
1146 1986 1298 2069 suscepit.

151 2089 272 2154 Natura
293 2090 356 2155 loci
376 2089 461 2154 edita
484 2089 674 2154 adeuntibus
694 2110 763 2154 eam
785 2090 927 2173 qualibet
946 2094 1088 2173 exparte
1107 2089 1186 2155 haut
1205 2091 1300 2156 durhie

113 2214 134 2251 1⁰
152 2196 381 2261 ascendendum
410 2196 480 2273 erit,
509 2194 631 2260 diutino
656 2196 781 2279 quippe,
811 2195 867 2260 sed
894 2196 985 2261 molli
1012 2198 1116 2261 tractu
1145 2197 1298 2283 adsurgit.

152 2301 238 2367 Situs
266 2303 336 2385 ipse
363 2300 452 2365 urhis
480 2320 579 2385 paene
606 2301 639 2364 in
668 2300 776 2365 orbem
804 2300 1014 2365 circumactus
1043 2306 1093 2365 est
1115 2321 1175 2366 non
1199 2322 1297 2385 paruo

151 2428 314 2473 murorum
337 2408 471 2485 ambitu,
496 2427 557 2489 quo
583 2407 678 2471 etiam
701 2412 842 2472 montem
867 2406 942 2472 Sion
972 2406 1129 2491 quondam
1156 2408 1297 2473 uicinum
1399 2444 1408 2467 0

151 2512 211 2576 iam
242 2514 326 2578 intra
357 2532 391 2577 se
423 2512 547 2597 recipit,
581 2512 636 2594 qui
669 2531 687 2575 a
718 2511 849 2577 meridie
882 2513 1006 2595 positus
1039 2530 1094 2595 pro
1128 2532 1199 2577 arce
1227 2514 1298 2578 urbi

152 2620 372 2701 supereminet.
391 2619 495 2684 Maior
509 2617 650 2685 ciuitatis
664 2639 737 2702 pars
756 2618 838 2683 infra
856 2622 996 2684 montem
1015 2618 1098 2684 iacet
1116 2619 1146 2683 in
1166 2620 1297 2702 planitie

112 2754 135 2793 ιε
150 2726 328 2791 humilioris
352 2726 443 2791 collis
467 2726 537 2790 sita.

192 2834 285 2898 Mons
309 2832 384 2899 Sion
412 2831 510 2896 latere
534 2852 607 2910 uno,
632 2831 716 2915 quod
740 2833 920 2915 aquilonem
944 2833 1084 2915 respicit,
1110 2833 1296 2899 clericorum

150 2939 432 3023 religiosorumque
465 2939 714 3004 habitationibus
745 2942 972 3022 sequestratur,
997 2940 1089 3005 cuius
1117 2938 1148 3003 in
1177 2940 1295 3005 uertice

183 3214 265 3289 1-1-
289 3238 319 3271 ω.
341 3216 373 3270 In
398 3234 432 3272 ne
456 3216 503 3271 dni
525 3218 567 3271 nri
591 3216 638 3269 ihu
661 3217 715 3285 xpi.
741 3216 844 3287 Incipit
870 3216 1028 3285 opusculum
1054 3217 1142 3271 sancti
1167 3215 1293 3270 Eucherii

150 3305 268 3375 episcopi
287 3304 394 3359 desita
413 3305 604 3359 hierosolimae
623 3306 668 3359 uel
686 3304 767 3359 iudae
785 3304 816 3359 Ε
886 3304 1010 3374 Epistola
1028 3304 1154 3358 Eucherii
1174 3305 1294 3375 episcopi

149 3393 182 3446 ad
199 3394 330 3447 Eaustum
350 3394 536 3463 presbyterum
560 3394 587 3449 V
602 3394 699 3448 titulae
717 3394 834 3448 deth
896 3392 1061 3447 lEauetino
1075 3394 1135 3447 EV
1185 3393 1294 3447 Eurbis

148 3481 318 3547 hierosolima
337 3482 368 3536 E
382 3483 640 3552 hierosolymitanae
658 3483 734 3536 urbis
757 3482 783 3535 V
834 3484 850 3537 3
870 3482 914 3535 uel
934 3499 983 3535 om.
1004 3481 1061 3536 PV
1112 3482 1221 3551 agnitus
1239 3482 1297 3535 PV

149 3574 300 3641 compertus
319 3571 379 3625 ΕΡ
448 3571 568 3625 brebiter
586 3572 615 3625 E
677 3570 791 3625 dhrebi
811 3574 839 3624 et
857 3571 945 3640 ipsum
964 3572 994 3626 Ε
1010 3570 1139 3639 breuique
1158 3572 1245 3640 ipsum
1271 3571 1297 3623 V

112 3650 222 3713 ¹hreni
240 3660 269 3713 id
288 3662 377 3730 ipsum
396 3660 423 3713 P
492 3658 667 3730 piacioneV
719 3658 896 3714 hdeiusione
917 3674 1078 3728 quamquam
1097 3658 1125 3711 P
1177 3658 1294 3713 ddecus

149 3754 176 3802 et
192 3749 358 3819 praesidium
377 3765 466 3803 meum
486 3764 537 3802 om.
555 3749 586 3803 E
663 3748 771 3801 'lhelio
791 3748 821 3801 Ε
908 3747 1088 3801 hadrianoV
1175 3747 1250 3800 helin
1267 3746 1297 3800 Ε

148 3840 206 3892 uoci
218 3882 223 3891 .
236 3856 305 3891 ..ur
321 3836 352 3891 Ε
385 3838 401 3892 8
421 3837 507 3891 aeliae
525 3836 554 3890 P
569 3837 636 3891 helii
654 3836 685 3891 Ε
725 3838 741 3890 9
760 3836 852 3891 aedita
870 3837 898 3890 P
915 3836 1090 3905 adeuntibus]
1111 3833 1250 3889 adeuntibi
1269 3835 1297 3888 P

149 3927 223 3980 siunt
244 3926 272 3981 V
288 3928 358 3996 eam]
379 3942 441 3981 eum
460 3926 490 3979 E
505 3926 600 3982 om.V
668 3930 715 3979 aut
734 3926 831 3979 dubiae
846 3926 872 3978 P
922 3926 955 3980 10
969 3924 1088 3979 molliter
1106 3928 1192 3979 tracto
1207 3924 1234 3977 P
1252 3941 1293 3977 as·

149 4017 233 4084 surgit
255 4015 282 4071 V
336 4017 366 4069 ll
387 4016 468 4069 urbes
486 4016 514 4069 P
583 4032 653 4086 pene
671 4015 735 4069 hinc
753 4017 781 4069 in
801 4016 831 4069 Ε
901 4014 1036 4068 urbemP
1107 4018 1148 4067 eet
1166 4029 1217 4067 one.
1237 4012 1297 4065 PV

148 4105 228 4172 parba
246 4106 278 4159 Ε
367 4106 399 4158 12
419 4122 493 4175 syon,
512 4104 720 4173 siccemperV
810 4105 843 4159 13
863 4104 927 4173 quia
945 4121 961 4157 a
979 4102 1009 4155 Ε
1107 4104 1247 4171 oppositus
1266 4102 1296 4155 Ε

150 4193 225 4247 arche
243 4196 274 4249 Ε
290 4194 386 4248 archae
406 4195 433 4247 P
520 4192 595 4247 urbis
613 4194 669 4249 ΕΡ
751 4194 784 4247 14
804 4194 929 4248 ciuitates
948 4192 976 4245 P
1063 4190 1145 4259 infra]
1166 4194 1248 4261 euptu
1266 4191 1297 4243 Ε

150 4282 289 4349 planiciem
307 4283 364 4337 PV
381 4282 512 4353 planitiae
531 4284 561 4337 Ε
651 4286 683 4337 15
702 4281 835 4335 umilioris
854 4282 884 4334 Ε
974 4282 1006 4334 16
1026 4296 1079 4349 quo
1099 4280 1128 4334 E
1216 4280 1292 4348 aqui·

149 4369 207 4424 lonc
225 4371 327 4440 excipit
343 4370 371 4423 P
426 4372 458 4425 ll
476 4370 756 4439 religiosoremqueP
827 4368 1054 4439 frequentaturP
1124 4368 1295 4423 uerticemP
