3125 4942
471 459 498 511 S.
527 456 682 511 Siluiae
711 458 991 527 peregrinatio
1259 461 1300 527 77

152 652 182 716 in
216 651 362 731 99919919,
401 670 495 733 quam
528 650 606 717 fecit
638 650 876 729 Constantinus,
915 651 1092 717 celebratur
1127 672 1230 736 usque
1263 654 1303 717 ad

154 762 286 823 sextam.
316 756 434 837 Quarta
458 758 507 823 die
531 758 563 822 iu
587 758 715 839 Eleous,
740 758 774 821 id
798 762 850 823 991
870 758 901 823 in
925 759 1071 838 99919919,
1095 778 1175 841 quae
1198 760 1303 823 estin

151 868 258 930 monte
283 863 413 939 Oliueti‚
438 863 572 945 pulchra
600 864 689 940 99119,
717 863 867 928 similiter
895 865 1000 929 omnia
1026 865 1072 929 ita
1099 868 1250 931 ornantur
1272 868 1305 929 et

150 973 195 1035 ita
211 970 411 1035 celebrantur
424 970 480 1049 ibi,
499 970 608 1053 quinta
623 970 673 1035 die
692 971 724 1035 iu
739 970 883 1047 Lazarum,
899 970 985 1053 quod
999 972 1101 1036 catab
1115 972 1305 1037 lerusolima

123 1078 284 1144 siorsitau
327 1076 367 1141 ad
402 1077 491 1141 mille
530 1076 719 1162 quingentos
756 1094 882 1159 passus,
925 1079 1015 1141 serta
1050 1077 1100 1141 die
1137 1078 1169 1141 iu
1209 1078 1304 1161 syon,

152 1184 288 1267 septima
311 1183 361 1247 die
385 1184 606 1261 1111991999,
631 1186 744 1247 octaua
769 1182 819 1247 die
843 1182 1050 1249 9110119911.
1088 1183 1135 1249 Aa
1158 1185 1206 1249 919
1229 1204 1305 1269 ergo

150 1310 206 1375 per
235 1292 307 1355 octo
338 1290 405 1355 dies
433 1291 510 1355 haec
539 1290 642 1355 omnis
670 1289 794 1354 laetitia
826 1292 858 1354 et
890 1290 919 1354 19
948 1289 1100 1356 tornatus
1128 1291 1307 1357 celebratur

151 1399 181 1462 iu
203 1397 351 1462 omnibus
369 1398 449 1463 locis
469 1397 597 1476 sanctie,
618 1416 697 1479 quos
722 1396 869 1479 superius
888 1396 1060 1461 nominaui.
1083 1399 1119 1462 In
1137 1397 1305 1462 Bethleem

152 1506 259 1569 antem
294 1503 374 1587 pert
395 1507 479 1569 19199
509 1506 580 1568 9919
614 1503 681 1567 (1199
717 1502 834 1567 cotidie
866 1502 895 1567 19
928 1504 1058 1568 ornatus
1091 1506 1142 1568 991
1174 1505 1206 1568 91
1237 1504 1359 1585 1119912
1380 1490 1448 1583 [60]

113 1611 278 1675 1119911119
301 1611 479 1675 celebratur
498 1629 516 1673 a
533 1609 727 1693 presbyteris
751 1613 785 1674 91
803 1609 841 1673 ab
862 1610 947 1674 omui
967 1609 1050 1675 clero
1069 1610 1172 1693 ipsius
1192 1610 1256 1674 loci
1275 1614 1307 1675 et

153 1720 400 1795 monazontes,
417 1716 470 1799 qui
490 1716 522 1781 in
541 1718 611 1801 ipso
630 1716 701 1781 loco
721 1714 864 1799 deputati
885 1718 969 1781 suut.
988 1716 1069 1781 Nam
1091 1736 1127 1781 91
1146 1717 1201 1781 1119
1218 1718 1305 1796 hora,

153 1844 214 1907 qua
233 1844 344 1890 omues
363 1828 455 1889 noete
474 1824 506 1887 in
526 1823 715 1889 Ierusolima
732 1826 936 1887 reuertuntur
959 1842 1033 1887 cum
1052 1824 1211 1907 episcopo,
1230 1828 1308 1888 tunc

152 1932 213 1996 loci
228 1931 333 2013 ipsius
348 1930 505 2009 monachi,
522 1930 714 2012 quicumque
734 1932 820 2005 suut,
835 1948 938 2013 usque
953 1928 992 1994 ad
1006 1931 1111 1994 lucem
1125 1930 1157 1994 iu
1172 1930 1308 1995 99919919

153 2041 186 2104 in
209 2038 377 2103 Bethleem
405 2037 597 2122 peruigilaot
619 2055 730 2119 ymnos
755 2055 812 2101 seu
837 2036 1025 2120 antiphonas
1051 2036 1203 2114 diceutes,
1232 2038 1308 2120 quia

115 2144 342 2227 aepiscopum
370 2161 500 2208 1999999
529 2146 578 2207 991
601 2142 659 2207 hos
684 2142 751 2207 dies
776 2160 902 2223 semper
924 2141 955 2206 in
979 2142 1167 2208 Ierusolima
1188 2146 1306 2209 tenere.

154 2252 215 2315 Pro
245 2250 460 2314 sollemnitate
488 2252 594 2313 autem
624 2252 655 2313 et
677 2247 801 2313 laetitia
822 2248 925 2331 ipsius
948 2247 1012 2311 diei
1033 2247 1173 2313 infinitae
1196 2251 1307 2315 turbae

156 2376 188 2422 99
207 2356 348 2439 undique
367 2356 519 2440 colligent
536 2356 567 2419 in
587 2355 785 2433 Ierusolima‚
809 2373 869 2419 non
889 2356 995 2419 solum
1013 2358 1227 2433 monazontes,
1252 2356 1307 2421 sed

156 2470 187 2528 91
209 2464 285 2528 19191
308 2462 370 2527 uiri
394 2466 450 2527 aut
472 2463 633 2527 mulieres.

200 2571 282 2637 Saue
303 2570 562 2654 quadragesimae
587 2569 625 2634 de
645 2568 813 2651 epiphania
830 2567 924 2632 ualde
944 2587 1017 2634 cum
1040 2588 1165 2633 summo
1189 2570 1362 2638 1191191926

114 2678 207 2742 111119
237 2677 447 2742 celebrantur.
498 2676 580 2741 Nam
609 2674 718 2740 eadem
748 2675 798 2739 die
826 2674 987 2756 processio
1016 2676 1125 2739 estin
1153 2680 1307 2741 anastase

156 2791 187 2849 et
206 2802 316 2849 omnes
334 2784 510 2868 procedunt
534 2786 566 2848 91
585 2782 692 2848 ordine
712 2801 770 2848 suo
795 2784 933 2867 aguntur
956 2782 1062 2847 omnia
1085 2802 1158 2847 cum
1182 2803 1309 2850 summa

154 2890 279 2955 laetitia
303 2910 339 2955 ac
363 2891 391 2955 91
414 2908 469 2972 per
492 2889 619 2972 pascha.
652 2888 842 2955 Praedicaut
870 2887 964 2953 etiam
994 2908 1103 2953 omues
1132 2890 1308 2973 presbyteri

156 3002 186 3063 ct
211 2998 259 3062 919
284 2996 453 3080 episcopus
477 3014 602 3077 semper
625 2994 662 3059 de
691 3014 727 3060 eo
756 2996 826 3060 loco
854 2997 1026 3059 tractantes
1054 2995 1223 3079 euangelii,
1252 2996 1308 3060 uhi

156 3104 401 3188 quadragesima
438 3102 487 3168 die
523 3102 667 3168 tulerunt
698 3102 871 3167 Dominum
906 3101 937 3165 in
975 3102 1095 3183 templo
1126 3102 1242 3211 loseph
1275 3106 1308 3167 et

114 3210 260 3274 altaria
292 3212 325 3274 91
355 3209 504 3275 uiderunt
533 3228 605 3275 eum
635 3208 770 3293 Symeon
808 3208 863 3273 uel
888 3208 979 3272 huna
1010 3208 1210 3291 prophetissa
1242 3208 1308 3273 lilia

156 3315 300 3381 Fanuhel
324 3318 356 3381 et
379 3316 416 3381 (19
440 3316 546 3381 uerbis
570 3335 690 3390 eorum,
715 3334 796 3398 quae
820 3312 965 3379 dixemut
991 3314 1062 3379 uiso
1081 3315 1226 3392 Domino,
1255 3316 1308 3379 uel

158 3422 196 3487 de
221 3422 382 3489 oblatione
410 3422 489 3505 ipsa,
519 3442 613 3506 quam
637 3422 823 3505 optulerunt
844 3424 998 3503 parentes.
1039 3420 1081 3485 Et
1101 3420 1307 3503 postmodum

158 3527 326 3593 celebratis
364 3528 510 3593 omnibus
546 3548 603 3610 per
639 3528 792 3605 ordinem,
829 3546 909 3609 quae
946 3525 1184 3591 consuetudinis
1220 3530 1307 3605 aunt,

158 3639 298 3720 aguntur
319 3638 514 3700 sacramenta
537 3638 569 3699 et
592 3635 641 3701 919
662 3634 699 3699 fit
721 3635 828 3700 missa

250 3861 284 3915 23
304 3858 337 3915 cl.
356 3860 422 3916 Luc.
441 3860 466 3923 2,
486 3860 591 3915 21-39

195 4004 212 4059 6
232 4006 322 4056 991199
341 4002 368 4054 A
454 4000 484 4055 11
506 4002 534 4053 et
552 3999 601 4053 illa
618 3999 686 4053 hora
704 3999 731 4053 A
751 4016 781 4053 ex
799 3999 848 4053 illa
866 3999 934 4053 hora
955 3998 1129 4055 Cholcdaa'ah
1215 4000 1248 4053 16
1266 4000 1306 4052 in·

160 4090 236 4145 finite
254 4090 283 4143 A
336 4090 372 4145 20
390 4091 517 4143 99119911
572 4090 605 4143 21
626 4088 775 4143 ordineoA
795 4088 888 4142 ordine
907 4105 956 4142 suo
974 4089 1032 4157 epae
1049 4088 1149 4157 smper·
1197 4089 1305 4158 221119-

161 4178 255 4233 (119911
271 4180 299 4233 A
394 4178 427 4233 23
446 4178 590 4233 tractantis
609 4180 635 4231 A
732 4178 767 4231 26
785 4177 897 4231 ianuhel
914 4178 955 4231 etc
972 4177 1029 4247 ipse
1047 4177 1185 4231 1191199911
1204 4177 1307 4232 cedias

162 4268 308 4333 (1111919111,
327 4266 447 4321 lamuhel
468 4265 965 4321 0191991191·9999191011111111111·
1005 4266 1038 4319 27
1059 4281 1111 4337 qua
1125 4265 1152 4319 A
1188 4265 1305 4319 289911-

161 4356 318 4411 suetudines
337 4356 365 4409 A
