3125 4942
255 416 296 480 56
547 414 704 469 Itinera
731 416 1102 487 Hierosolymitana

254 629 327 693 ergo
347 610 408 675 iter
426 611 463 674 ab
483 610 671 677 Ierusolima
688 630 791 693 usque
810 612 851 676 ad
870 610 1004 678 Carneas
1024 614 1127 681 eundo
1146 634 1202 699 per
1220 616 1399 682 mansiones

254 719 325 781 octo
353 754 398 763 —-
427 716 561 783 Cuneus
590 720 695 781 autem
724 717 843 782 dicitur
869 737 953 783 nunc
980 720 1097 785 ciuitas
1123 722 1192 799 Iob,
1220 740 1300 805 quae
1327 725 1399 787 ante

252 821 336 887 dicta
370 826 419 887 cst
446 823 597 888 Dennaba
629 824 661 889 in
689 827 772 889 terra
800 825 951 903 husitidi,
979 826 1011 890 in
1044 827 1161 893 linibus
1187 828 1338 893 Idumeac
1366 832 1400 894 et

251 928 385 993 Arabiae
412 952 471 995 -ε
499 932 531 994 in
560 950 622 1014 quo
650 930 762 996 itinero
790 931 882 996 hiens
910 932 978 997 uidi
1006 953 1102 1017 super
1127 935 1228 1017 ripam
1254 935 1397 1001 Iordanis

251 1034 391 1101 fluminis
427 1037 544 1102 uallem
577 1038 741 1120 pulchram
775 1038 853 1102 satis
892 1042 924 1103 et
956 1058 1130 1107 amoenam.
1163 1042 1396 1107 habundantem
1432 1068 1455 1107 a

251 1143 353 1207 uineis
392 1146 423 1209 et
464 1144 639 1222 arboribus,
678 1144 826 1227 quoniam
864 1164 963 1228 aquae
1006 1148 1127 1212 multae
1162 1148 1209 1213 ibi
1242 1155 1329 1213 erant
1365 1152 1398 1213 et

220 1248 388 1332 Soptimae
409 1251 496 1318 satis.
521 1250 602 1317 Nam
620 1252 651 1315 in
674 1270 710 1316 ea
728 1252 812 1317 ualle
831 1252 923 1317 ulcus
944 1257 1012 1317 erat
1029 1254 1167 1338 grandis,
1187 1256 1241 1337 qui
1261 1256 1397 1340 appella-

250 1360 303 1421 tur
324 1376 407 1421 nnnc
431 1358 567 1423 Sedima.
605 1359 639 1422 In
665 1378 701 1423 eo
727 1377 801 1443 ergo
825 1360 909 1438 nico,
933 1360 988 1442 qui
1011 1363 1061 1425 est
1082 1361 1114 1425 in
1138 1362 1242 1427 media
1264 1363 1396 1443 planitie

249 1464 386 1545 positus,
414 1466 445 1529 in
469 1465 574 1530 medio
597 1466 668 1531 loco
693 1468 744 1531 est
765 1467 960 1532 monticulus
984 1487 1044 1531 non
1070 1469 1147 1534 satis
1172 1469 1310 1553 grandis.
1339 1468 1396 1535 sed

248 1569 353 1635 sactus
387 1572 471 1636 sicut
508 1572 612 1637 solent
644 1591 713 1637 esse
747 1574 892 1652 tumbae,
916 1574 973 1639 sed
1006 1574 1154 1658 grandes:
1179 1575 1223 1639 ibi
1256 1595 1330 1660 ergo
1363 1577 1395 1641 in
1416 1599 1445 1638 lo

250 1696 375 1742 summo
411 1678 546 1743 ecclesia
574 1680 623 1744 est
655 1682 688 1744 et
720 1680 868 1744 deorsum
900 1700 957 1762 per
988 1682 1092 1765 girum
1123 1682 1226 1765 ipsius
1255 1682 1396 1748 colliculi

248 1788 359 1866 parent
385 1784 590 1850 fundamenta
614 1785 743 1870 grandia
767 1786 909 1869 anticum
934 1792 1147 1853 runcantem
1172 1789 1203 1853 in
1227 1788 1298 1871 ipso
1322 1789 1394 1854 uico

218 1884 358 1954 durrnao
382 1890 561 1974 aliquantae
580 1897 790 1961 commanent.
814 1894 881 1979 Ego
902 1898 1009 1958 autem
1028 1913 1100 1959 cum
1123 1895 1265 1960 uiderem
1288 1896 1395 1960 locum

248 1998 314 2060 tam
334 2000 469 2081 gratum,
489 1998 653 2081 requisini,
674 2000 821 2083 quisnam
843 2000 933 2065 locus
958 2004 1044 2065 esset
1065 2001 1120 2065 illo
1142 2004 1207 2065 tarn
1232 2021 1394 2066 amoenus.

248 2101 336 2166 Tunc
364 2102 485 2168 dictum
510 2108 559 2168 est
581 2105 692 2171 michi:
721 2106 800 2171 haec
823 2110 874 2171 est
896 2106 1010 2171 ciuitas
1039 2107 1123 2192 regis
1146 2107 1392 2185 Melchisedech,
1416 2135 1444 2173 ιε

249 2228 329 2291 qnae
362 2209 446 2275 dicta
478 2215 527 2276 est
559 2215 630 2276 ante
663 2212 779 2291 Salem,
813 2213 896 2278 unde
928 2233 1022 2293 nunc,
1060 2218 1207 2298 cornurpto
1239 2234 1393 2291 sermone,

125 2307 191 2397 [45]
247 2317 375 2383 Sedima
393 2320 569 2403 appellatur
589 2318 593 2405 Ι
614 2321 681 2403 ipse
705 2320 809 2387 uicus.
832 2320 914 2387 Nam
938 2322 970 2385 in
994 2323 1057 2386 isto
1081 2321 1241 2400 colliculo,
1265 2322 1319 2405 qui
1344 2328 1394 2386 est

247 2424 350 2490 medio
388 2428 459 2491 uico
499 2426 635 2509 positus,
667 2427 699 2491 in
734 2429 950 2493 summitatem
981 2428 1084 2510 ipsius
1116 2428 1267 2493 fabricam
1299 2446 1394 2511 quam

246 2531 336 2596 uides
372 2533 507 2597 ecclesia
533 2535 592 2611 est,
622 2552 702 2615 quae
730 2535 866 2599 ecclesia
887 2553 970 2598 nuno
994 2534 1172 2616 appellatur
1195 2553 1306 2619 graeco
1331 2552 1394 2599 ser·

246 2656 338 2702 mone
362 2639 383 2720 †
407 2657 470 2721 opu
493 2638 736 2705 Melchisedech.
783 2639 865 2704 Nam
898 2640 950 2705 hic
983 2645 1032 2705 est
1064 2644 1164 2717 locus,
1193 2641 1247 2705 ubi
1276 2642 1395 2724 optulit
1413 2668 1444 2708 so

246 2744 480 2809 Melchisedech
505 2745 625 2811 hostias
644 2746 712 2811 Deo
736 2766 843 2829 puras,
865 2747 967 2812 idest
988 2766 1086 2830 panes
1109 2752 1143 2812 et
1164 2747 1284 2828 uinum,
1309 2748 1394 2812 sicut

245 2850 400 2933 scriptum
425 2853 474 2916 est
497 2870 569 2916 eum
593 2853 718 2918 fecisse.

194 2952 236 3017 14
292 2956 405 3022 Statim
435 2976 509 3042 ergo
543 2962 580 3024 ut
611 2960 688 3024 haec
721 2960 840 3042 audiui,
874 2960 1095 3025 descendimus
1124 2961 1162 3025 de
1190 2960 1392 3039 animalibus,

246 3067 278 3127 et
297 3083 370 3129 ecce
390 3083 550 3130 occurrere
569 3065 717 3150 diguatus
742 3070 792 3131 est
814 3070 942 3132 sanctus
965 3068 1131 3151 presbyter
1147 3068 1249 3152 ipsius
1267 3067 1341 3147 loci,
1361 3074 1394 3131 et

246 3170 366 3245 clerici3
388 3170 442 3253 qui
461 3190 518 3238 nos
539 3173 646 3236 statim
667 3172 878 3255 suscipientes
894 3174 1050 3239 duxerunt
1068 3194 1143 3239 suso
1159 3174 1199 3238 ad
1215 3174 1391 3239 ecclesiam.
1411 3199 1443 3243 aa

245 3277 308 3342 Ubi
341 3296 413 3341 cum
449 3278 660 3357 uenissemus,
694 3279 803 3343 statim
841 3280 929 3345 iuxta
960 3281 1222 3346 consuetudinem
1253 3280 1391 3365 primum

245 3384 329 3447 facta
357 3386 407 3448 est
434 3384 544 3463 oratio,
569 3384 680 3451 deinde
708 3388 813 3451 lectus
842 3390 891 3451 est
917 3388 986 3471 ipss
1008 3388 1099 3453 locus
1124 3388 1161 3452 de
1185 3388 1267 3452 libro
1291 3386 1391 3452 sancti

245 3490 360 3574 Moysi,
394 3490 498 3556 dictus
528 3495 578 3556 est
605 3492 700 3557 etiam
728 3492 871 3575 psalmus
899 3512 981 3558 unns
1009 3497 1191 3578 competens
1219 3496 1289 3560 loeo
1317 3494 1390 3576 ipsi,

215 3598 277 3662 2et
291 3598 392 3663 denuo
411 3599 496 3663 facta
511 3598 648 3664 oratione
664 3597 895 3668 descendimus.
920 3599 1001 3665 Cum
1015 3620 1090 3685 ergo
1105 3601 1390 3671 descendissemns

246 3705 290 3769 ait
322 3703 412 3770 nobis
444 3704 499 3769 illc
528 3708 655 3771 sanctus
683 3706 848 3790 presbyter·
874 3706 937 3771 iarn
967 3708 1072 3773 senior
1099 3711 1132 3773 et
1160 3709 1197 3773 de
1225 3709 1390 3793 scripturis
1409 3732 1441 3773 ao

334 3894 404 3949 eof.
425 3894 491 3948 Gen.
511 3896 554 3959 36,
573 3896 608 3950 32
662 3895 695 3950 21
718 3895 751 3949 cf.
772 3895 840 3949 Gen.
861 3898 903 3965 14,
924 3898 956 3951 18

280 4056 298 4110 4
316 4035 434 4109 liuminis
447 4035 571 4109 iordanis
587 4072 648 4110 cum
661 4057 747 4127 cipum
759 4058 986 4126 admonitionis
998 4059 1026 4111 A
1062 4062 1079 4113 5
1093 4076 1215 4113 anreuam
1226 4062 1252 4113 A
1289 4062 1306 4115 6
1319 4060 1390 4114 mul·

243 4146 273 4198 te
286 4144 314 4197 A
402 4145 435 4198 10
449 4143 559 4214 grandis
576 4145 605 4198 A
624 4145 739 4215 grandes
758 4144 827 4199 Situ
917 4148 950 4201 13
969 4148 1081 4203 tumbae
1094 4165 1241 4217 perperam
1258 4148 1392 4205 Barasrot

247 4234 279 4287 14
299 4249 410 4287 amenus
424 4235 451 4287 A
508 4236 541 4287 15
560 4234 672 4289 melchis
692 4240 720 4289 et
737 4235 805 4289 haec
817 4234 845 4289 A
863 4236 1169 4305 conductoremve
1189 4238 1238 4292 lat.
1257 4238 1325 4293 Lae.
1344 4238 1394 4292 IV

241 4339 269 4391 p.
292 4324 348 4376 613
404 4324 436 4377 19
455 4338 535 4391 greco
554 4324 582 4376 A
637 4324 671 4379 20
686 4340 738 4394 opu
758 4331 916 4393 corruptam
934 4332 973 4381 ast
992 4323 1053 4396 ὄρος
1071 4326 1141 4383 coni.
1162 4325 1329 4381 Gomara-toi

8 4178 10 4271 l
