3125 4942
496 1185 904 1298 PRAEFATIO.

645 1411 752 1420 ——..—.

169 1545 259 1646 (ium
284 1582 397 1647 abhinc
422 1582 483 1646 duc
502 1583 605 1648 lustra
622 1582 794 1646 Ministerii
813 1583 960 1646 Bauarioi
983 1584 1173 1649 liberalitate
1196 1587 1275 1650 mibi

123 1693 270 1772 potestas
299 1689 383 1754 facta
407 1691 492 1754 esset
514 1689 640 1752 Italiam
667 1689 801 1754 obeundi
821 1690 1058 1773 cognoscendae
1077 1692 1276 1773 antiquitatis

124 1815 233 1870 cansa,
257 1795 412 1877 propositi
430 1795 493 1859 mei
513 1799 580 1860 erat
603 1815 674 1859 cum
699 1797 778 1861 aiios
803 1796 927 1860 codices
951 1797 1182 1879 manuscriptos
1205 1803 1275 1862 tum

124 1902 270 1966 codicem
299 1901 463 1966 Arctinum
497 1905 642 1966 excutere
674 1902 769 1984 paulo
799 1905 870 1966 ante
902 1902 1062 1968 Francisci
1096 1903 1276 1970 Gamurrini

122 2009 182 2072 uiri
214 2007 395 2072 doctissimi
422 2009 624 2092 indagatione
655 2027 671 2072 e
699 2009 922 2086 bibliothecae,
951 2010 982 2073 in
1013 2029 1074 2092 qua
1102 2013 1277 2093 compluria

123 2114 257 2178 saecula
279 2115 471 2192 latitauerat‚
496 2116 634 2179 tenebn's
659 2115 690 2179 in
713 2116 819 2181 lucem
841 2120 1048 2197 protractum.
1073 2117 1275 2182 Woelfflinus

123 2223 208 2284 enim
238 2227 423 2302 praeceptor
452 2222 635 2286 carissimus
664 2225 696 2288 et
719 2211 897 2288 uina'uooe
922 2226 954 2286 et
981 2223 1163 2288 recensione
1188 2225 1277 2289 editi-

124 2329 193 2392 onis
224 2327 377 2410 principis
408 2327 664 2394 Gamurrinianae
694 2329 724 2392 in
754 2329 974 2412 ephemeridis,
1009 2330 1063 2412 qui
1095 2331 1277 2396 inscribitur

122 2433 247 2496 Arene
262 2435 323 2516 ι1111
345 2433 521 2498 11ίεί1111111
545 2434 795 2516 Leeiboprepbie
816 2434 884 2498 cenci
910 2433 1120 2514 Grammatib,
1143 2437 1203 2500 aot.
1222 2435 1282 2501 IV

115 2560 152 2618 p.
178 2545 255 2602 338
276 2561 300 2602 a.
326 2540 488 2621 publicata
510 2542 675 2604 monuerat
698 2541 806 2606 codice
830 2541 931 2605 denuo
955 2543 986 2605 in
1010 2543 1276 2624 comparationem

121 2651 242 2712 uocato
276 2647 418 2712 nonnihil
449 2666 543 2730 posse
576 2648 699 2712 fructus
733 2648 803 2730 oapi
831 2667 904 2712 cum
934 2649 972 2712 ad
1004 2649 1107 2731 ipsius
1137 2650 1276 2714 auctoris

120 2754 224 2820 uerba
249 2753 442 2819 emendanda
467 2757 537 2819 tum
566 2753 605 2820 ad
635 2755 789 2819 sermonis
817 2755 993 2834 familiaris,
1019 2755 1122 2837 qualis
1147 2757 1275 2820 saeculo

121 2866 240 2944 quarto
265 2865 396 2926 11111111
421 2861 522 2926 Gallis
545 2861 577 2925 in
601 2881 663 2926 usu
687 2861 813 2937 fuisset,
834 2863 1060 2946 proprietatem
1085 2881 1277 2946 cognoscen-

121 2969 207 3033 dam.
238 2966 353 3032 Codice
377 2967 505 3032 Aretino
531 2985 662 3032 excusso
688 2967 828 3031 animum
858 2967 982 3032 aduerti
1010 2968 1049 3031 ad
1073 2967 1151 3031 alias
1174 2974 1277 3032 terrae

121 3077 255 3140 sanotae
286 3074 526 3158 descriptionem
555 3095 627 3139 nam
655 3075 814 3139 nonnullis
839 3075 910 3138 aliis
935 3074 1098 3139 codicibus
1122 3074 1276 3156 inspectis

121 3182 203 3246 mibi
230 3200 450 3264 persuaseram
474 3182 665 3248 nouissimas
689 3181 845 3246 editiones
865 3201 883 3245 a
902 3181 1036 3246 Toblero
1061 3184 1093 3246 et
1110 3181 1276 3244 Metinerio

118 3287 150 3352 in
180 3289 292 3353 lucem
323 3288 422 3353 editas
448 3307 506 3352 non
536 3290 704 3373 genuinam
729 3289 920 3371 scriptorum
943 3290 1088 3362 formam,
1114 3287 1216 3369 qrralis
1242 3306 1277 3350 11

120 3395 258 3478 optimis
283 3395 444 3460 codicibus
470 3397 537 3460 erui
560 3401 679 3478 posset,
704 3396 859 3473 exhibere,
884 3395 939 3460 sed
964 3395 1119 3459 editorum
1149 3393 1277 3458 arbitrio

120 3503 222 3568 modo
249 3501 345 3565 huius
370 3501 463 3566 modo
486 3503 574 3566 iltius
600 3501 717 3566 codicis
738 3501 959 3566 auctoritatem
979 3501 1068 3564 nulla
1085 3501 1205 3564 ratione
1224 3503 1280 3563 111

119 3611 176 3674 uia
217 3611 421 3690 sequentium
459 3629 615 3692 saepeque
653 3613 770 3674 temere
812 3609 1006 3672 mutantium
1048 3606 1277 3677 concinnatam,

118 3719 226 3780 immo
257 3716 471 3798 deprecatam.
500 3719 611 3799 Itaque
641 3716 805 3800 negotium
834 3715 872 3779 ab
901 3713 1073 3778 Academia
1099 3711 1276 3776 litterarum

120 3823 286 3890 Caesarea
298 3823 535 3889 vindobonensi
553 3824 631 3886 mihi
650 3823 847 3906 impositum,
862 3827 899 3886 ut
920 3820 1049 3897 Siluiae,
1069 3839 1149 3901 qnae
1168 3819 1276 3896 fertur,

118 3931 413 4014 peregrinationem
445 3930 475 3994 in
510 3929 569 3995 hoc
602 3949 730 4012 corpore
764 3929 955 4009 scriptorum
987 3926 1277 3990 ecclesiasticorum

117 4040 301 4104 latinorum
339 4037 488 4101 edendam
523 4055 673 4114 curarem,
705 4037 751 4101 ita
788 4034 951 4117 amplexus
989 4053 1071 4108 sum,
1108 4035 1146 4094 111
1181 4031 1277 4094 etiarn

117 4145 325 4211 Antoninum
350 4144 565 4209 Placentinum
596 4147 626 4207 et
650 4143 814 4206 Arcnlfum
844 4141 966 4206 adicere
996 4142 1177 4214 statuerem,
1202 4154 1277 4218 quo·
1356 4185 1362 4196 .

117 4275 193 4318 rum
220 4252 277 4316 1111
303 4249 429 4333 quidem
456 4249 570 4314 studiis
597 4248 832 4316 Giidemeisteri
855 4267 915 4311 non
945 4266 1056 4330 parum
1082 4243 1277 4319 emendatae,

119 4361 178 4426 sed
209 4363 318 4425 tamen
347 4376 409 4421 nou
437 4357 583 4422 omnibns
612 4356 751 4420 numeris
780 4355 947 4419 absolutus
976 4372 1056 4417 anno
1083 4353 1167 4416 1889
1191 4349 1277 4431 typis

146 4500 286 4542 xxxvnrr
301 4497 355 4538 11111.
372 4497 484 4538 Hierosol.
1226 4487 1242 4522 a
