3125 4942
250 437 291 498 72
541 434 696 488 Itinera
724 433 1096 503 Hierosolymitana

248 627 345 690 intrat
368 626 451 690 intra
473 628 631 692 cancellos
655 626 736 691 intra
755 627 949 705 Anastasim,
972 627 1006 692 id
1029 632 1079 691 est
1100 627 1184 693 intra
1203 629 1396 710 speluncam,

248 733 305 798 ubi
333 738 365 798 et
391 736 524 811 mature,
554 737 586 798 et
611 733 685 798 inde
708 734 857 798 similiter
878 734 1016 817 primum
1038 734 1118 798 facit
1140 734 1321 813 orationem,
1350 735 1397 799 sic

248 842 415 907 benedicet
441 840 561 917 fideles,
590 841 691 905 etsie
716 840 821 905 exiens
846 840 884 905 de
910 841 1040 913 <intro>
1065 842 1222 907 cancellos
1251 842 1398 906 similiter

249 949 278 1011 ei
302 948 341 1012 ad
363 966 491 1012 manum
517 947 687 1012 acceditur.
711 946 761 1011 Ita
779 966 853 1031 ergo
873 951 906 1012 et
924 948 1001 1013 hora
1019 968 1100 1013 nona
1122 948 1160 1011 fit
1182 948 1279 1013 sicuti
1303 951 1335 1012 et
1358 948 1398 1011 ad

204 1060 223 1119 4
250 1057 347 1120 sexta.
378 1054 465 1119 Hom
488 1057 594 1118 autem
618 1052 750 1132 decima,
775 1054 860 1136 quod
884 1056 1046 1139 appellant
1067 1056 1119 1119 bio
1141 1056 1301 1131 licinicou‚
1326 1074 1396 1119 nam
1431 1076 1447 1115 s

249 1180 305 1227 noa
334 1160 469 1225 dicimus
496 1161 671 1237 lucernare,
701 1161 849 1225 similiter
876 1180 910 1227 se
940 1163 1041 1227 omnis
1069 1162 1244 1226 multitudo
1269 1160 1399 1245 colliget

249 1268 288 1332 ad
320 1268 513 1339 Anastasim,
551 1268 763 1333 incenduntur
794 1288 903 1333 ornnes
937 1269 1085 1334 candelae
1118 1272 1151 1333 et
1182 1268 1263 1333 cerei
1295 1271 1327 1332 et
1362 1266 1398 1331 fit

248 1375 356 1438 lumen
385 1374 552 1438 inlinitum.
590 1374 710 1439 Lumen
736 1378 843 1439 autem
867 1375 904 1439 de
927 1375 1004 1441 foris
1028 1394 1089 1441 nou
1113 1375 1252 1451 affertur,
1280 1374 1337 1439 sed
1360 1375 1398 1438 de

249 1482 398 1564 spelunca
425 1481 566 1545 interiori
595 1481 718 1555 eicitur,
752 1480 808 1546 ubi
836 1484 932 1546 noctu
965 1500 1001 1546 ac
1034 1481 1084 1545 die
1117 1500 1241 1563 semper
1271 1482 1399 1545 lucerna

247 1588 345 1667 lueet,
373 1587 406 1651 id
430 1572 479 1651 est
502 1586 540 1651 de
563 1587 645 1651 intro
671 1586 839 1666 cancellos,
869 1588 1019 1652 dicuntur
1041 1588 1137 1651 etiam
1160 1589 1275 1671 psalmi
1299 1587 1398 1651 lucer·
1419 1608 1447 1645 ro

248 1714 349 1772 nares,
369 1694 423 1758 sed
445 1696 477 1758 et
495 1694 685 1776 antiphonae
705 1693 835 1759 diutius.
856 1694 937 1758 Ecce
952 1698 984 1758 et
999 1699 1216 1759 commonetur
1229 1695 1398 1776 episcopus

249 1807 280 1865 et
308 1800 477 1864 descendet
510 1802 542 1863 et
576 1798 667 1863 sedet
700 1818 812 1863 susum
845 1818 902 1863 nec
935 1819 997 1865 non
1030 1800 1125 1865 ctiam
1158 1804 1192 1865 et
1222 1800 1398 1884 presbyteri

204 1910 224 1972 5
249 1908 359 1973 sedent
390 1906 470 1972 locis
499 1906 577 1983 suis,
603 1905 752 1970 dicuntur
783 1907 871 1989 ymni
899 1906 952 1970 uel
980 1906 1177 1989 antiphonae.
1214 1907 1256 1971 ut
1283 1910 1316 1972 at
1343 1907 1398 1971 ubi

249 2014 381 2097 perdicti
409 2012 527 2077 ineunt
553 2013 641 2076 iuxta
670 2012 942 2089 consuetudinem,
977 2014 1065 2078 leuat
1096 2032 1131 2077 se
1165 2013 1334 2096 episcopus
1366 2016 1400 2077 et

249 2124 313 2185 stat
327 2124 398 2184 ante
410 2120 595 2196 cancellum,
611 2117 707 2184 idest
721 2122 794 2183 ante
809 2119 1003 2201 speluncam,
1020 2123 1052 2183 et
1064 2139 1148 2183 unus
1163 2139 1199 2183 ex
1213 2120 1399 2185 diaconibus
1419 2142 1447 2179 1e
1555 2137 1556 2196 y

249 2226 326 2291 facit
353 2226 681 2293 commemorationem
711 2225 919 2309 singulorum,
948 2226 1034 2289 sicut
1060 2226 1144 2290 solet
1171 2244 1240 2290 esse
1268 2244 1399 2292 consue·
1555 2209 1556 2220 ¹

249 2333 337 2398 tudo.
375 2333 415 2397 Et
444 2332 574 2397 diacono
604 2332 727 2397 dicente
758 2332 957 2416 singulorum
985 2331 1112 2397 nomina
1135 2351 1260 2416 semper
1280 2332 1398 2414 pisinni

250 2440 377 2523 plurimi
397 2442 482 2503 stant
499 2438 725 2521 respondentes
746 2458 884 2520 semper:
904 2439 992 2522 kyrie
1007 2440 1143 2522 eleyson,
1164 2438 1247 2521 quod
1263 2440 1398 2503 dicimus

205 2552 226 2613 6
249 2566 321 2610 nos:
345 2546 493 2610 miserere
513 2546 659 2622 Domine,
678 2564 814 2627 quorum
832 2564 929 2609 uoces
947 2544 1089 2609 infinitae
1114 2548 1198 2611 sunt.
1223 2545 1264 2609 ut
1287 2550 1321 2609 at
1342 2546 1397 2609 ubi

250 2653 401 2717 diaconus
424 2651 593 2735 perdixerit
617 2651 732 2728 omnia,
757 2670 838 2733 quae
862 2651 964 2715 dicere
987 2651 1093 2728 habet,
1117 2650 1203 2717 dicet
1225 2651 1396 2717 orationem
1417 2676 1444 2713 ao

249 2760 386 2842 prirnum
416 2759 585 2843 episcopus
614 2762 645 2822 et
674 2761 743 2823 orat
769 2778 826 2841 pro
856 2758 1003 2823 omnibus
1034 2760 1067 2822 et
1093 2759 1140 2823 sic
1165 2761 1255 2822 orant
1278 2777 1396 2833 omncs,

249 2871 314 2929 tam
343 2865 452 2931 fideles
480 2885 575 2949 quam
604 2869 634 2929 et
665 2866 877 2930 cathecumiui
902 2866 1008 2931 simul,
1046 2866 1127 2930 Item
1155 2867 1264 2931 mittet
1285 2883 1397 2931 uocem

251 2970 469 3143 diaconusgt
432 2975 469 3036 ut
487 2972 717 3055 unnsquisque,
738 2972 946 3053 quomodost
932 2975 990 3050 tat,
1010 2971 1399 3037 cathecuminusinelinet

250 3081 355 3159 eaput,
415 3079 516 3143 tsic
554 3078 638 3142 dicet
624 3078 845 3160 tepiseopus
887 3082 974 3142 stans
1015 3078 1267 3143 benedictionem
1303 3098 1399 3161 super

250 3185 497 3249 cathecuminos
521 3185 551 3249 lt
553 3184 662 3249 emfit
648 3184 780 3250 toratio
807 3188 840 3248 et
862 3184 963 3248 denuo
987 3184 1089 3249 mitht
1033 3184 1262 3249 tt'tdiaeonus
1285 3204 1396 3249 uocem
1417 3206 1444 3246 ss

251 3298 283 3356 et
310 3295 499 3366 commonet,
527 3295 564 3355 ut
592 3290 811 3372 unusquisque
839 3294 926 3355 stans
949 3290 1092 3355 fidelium
1119 3292 1272 3357 inclinent
1294 3292 1398 3373 capita

251 3418 317 3479 sua,
337 3398 412 3462 item
431 3398 597 3462 benedicet
614 3396 725 3463 fideles
745 3398 914 3481 episcopus
939 3401 971 3463 et
994 3399 1040 3462 sic
1063 3396 1101 3462 fit
1122 3398 1221 3463 missa
1238 3397 1396 3462 Anastasi.

207 3505 291 3573 rut
320 3504 471 3586 incipient
498 3504 646 3587 episcopo
676 3504 715 3568 ad
743 3524 873 3568 manum
901 3504 1049 3569 accedere
1077 3505 1205 3589 singuli.
1243 3505 1284 3568 Et
1310 3507 1397 3586 poet·

251 3612 379 3677 modum
405 3610 443 3674 de
465 3610 647 3676 Anastasim
670 3628 773 3693 usque
798 3610 838 3675 ad
856 3609 990 3676 Crucem
1012 3622 1122 3683 (curn)
1143 3611 1248 3695 ymnis
1272 3610 1398 3675 ducitur

251 3720 430 3803 episcopus
454 3718 554 3783 simul
572 3721 604 3783 et
622 3718 724 3782 omnis
748 3718 887 3801 populus
906 3717 1011 3781 uadet.
1035 3717 1099 3782 Ubi
1118 3736 1190 3782 cum
1209 3720 1397 3801 peruentum
1416 3740 1442 3780 eo

136 3820 202 3910 [57]
249 3825 354 3904 fuerit,
378 3824 516 3907 primum
539 3823 616 3888 iacit
638 3825 822 3899 orationem,
844 3822 848 3909 l
869 3824 946 3888 item
964 3823 1130 3888 benedicet
1148 3825 1396 3891 cathecuminos.
1555 3813 1556 3818 ¹

285 4036 302 4090 3
325 4036 396 4089 intro
421 4034 531 4089 addidit
556 4034 730 4089 Cbolodoial·
821 4034 854 4087 13
879 4032 913 4086 ad
933 4033 959 4086 A
983 4032 1017 4086 nd
1040 4033 1120 4087 finem
1139 4033 1210 4086 coni.
1232 4032 1398 4086 Germanioi

251 4127 284 4178 14
302 4124 426 4187 perducti
443 4126 471 4178 A
492 4123 636 4194 perdicti'
624 4140 682 4193 apae
699 4124 799 4193 scripsi
817 4123 920 4178 Archiv
933 4123 959 4190 s.
980 4122 1029 4176 lat.
1049 4121 1118 4176 Lea.
1136 4121 1227 4190 Ilp.
1244 4124 1297 4175 613
1357 4122 1396 4176 le-

249 4241 299 4295 bat
317 4242 343 4294 A
451 4240 485 4293 26
505 4240 612 4295 incliu&
631 4242 656 4292 A
769 4240 803 4293 29
822 4238 882 4308 yml
897 4238 966 4293 dicit
983 4239 1010 4292 A
1029 4254 1088 4293 cum
1107 4237 1195 4308 ymnis
1214 4236 1351 4292 ducitur'
1338 4254 1397 4307 epse

249 4329 348 4398 serapti
