3125 4942
178 445 186 459 ⁹
251 459 292 522 82
543 452 701 507 Itinera
728 448 1106 519 Hierosolymitaua

250 646 360 723 missa,
398 644 500 710 mitt't
536 664 648 710 uocem
686 643 927 708 archidiaconus
964 647 996 707 et
1032 641 1124 707 dicit:
1163 660 1272 706 omnes
1309 641 1405 707 hodie

250 752 327 817 hora
341 754 476 835 septima
494 753 526 817 in
545 752 672 817 Lanario
688 750 791 833 parati
810 750 922 815 simus.
944 748 992 814 Ac
1011 749 1058 814 sic
1078 768 1152 832 ergo
1172 768 1245 812 cum
1264 749 1406 831 coeperit

251 878 284 923 se
308 861 386 924 hora
406 859 541 941 septima
563 860 676 937 facere,
702 876 811 921 omnes
830 858 870 921 ad
888 856 1054 921 Lazarium
1072 856 1214 921 ueniunt.
1238 855 1405 921 Laterium

251 970 369 1043 autem,
389 966 421 1030 id
440 969 490 1030 est
506 965 673 1043 Bethania,
694 968 744 1029 est
761 964 894 1029 forsitan
913 963 1052 1029 secundo
1071 962 1207 1028 miliario
1227 980 1245 1025 a
1264 962 1404 1027 ciuitate.

221 1074 410 1139 tEuntihus
439 1074 546 1138 autem
574 1071 612 1136 de
638 1071 825 1136 lerusclima
853 1072 885 1134 in
908 1070 1074 1134 Laterium
1096 1070 1227 1134 forsitan
1252 1070 1291 1134 ad
1314 1068 1405 1152 quin·
1440 1092 1456 1129 a

251 1184 363 1263 gentos
386 1199 501 1261 passus
521 1178 559 1243 de
578 1178 688 1244 ecdem
711 1178 782 1243 loco
808 1177 943 1241 ecclesia
962 1177 1062 1241 estin
1081 1180 1182 1240 strata
1203 1177 1236 1241 in
1261 1195 1297 1240 ec
1320 1176 1403 1253 loco,

250 1288 282 1350 in
311 1307 374 1370 quo
403 1285 540 1352 occurrit
566 1284 702 1352 Domino
730 1284 833 1349 Maria
859 1303 948 1349 soror
975 1284 1094 1348 Lazari.
1139 1284 1190 1349 Ihi
1222 1302 1296 1369 ergo
1330 1302 1404 1347 cum

251 1395 372 1458 uenerit
401 1393 580 1476 episcopus,
610 1395 775 1457 occurrent
802 1390 851 1455 illi
879 1410 988 1455 omnes
1016 1390 1173 1468 monachi,
1205 1393 1238 1454 et
1264 1391 1403 1473 populus

250 1500 296 1563 ibi
315 1498 500 1585 ingreditur,
525 1498 642 1562 dicitur
660 1516 742 1561 unus
762 1516 878 1581 ymnus
898 1502 930 1561 et
952 1516 1016 1562 una
1039 1496 1212 1579 antiphona
1230 1499 1263 1559 et
1285 1494 1405 1577 legitur

250 1606 319 1688 ipse
347 1606 438 1669 locus
467 1604 505 1668 de
534 1604 711 1687 euangelio,
744 1604 800 1668 ubi
833 1604 971 1668 occurrit
1003 1622 1091 1668 soror
1117 1603 1227 1667 Lazari
1254 1601 1401 1666 Domino.
1428 1626 1459 1663 19

251 1712 293 1775 Et
320 1713 366 1776 sic
393 1712 478 1775 facta
502 1710 642 1776 oratione
672 1715 703 1775 et
730 1710 906 1777 benedictis
936 1711 1081 1777 omnibus
1108 1710 1182 1773 indo
1209 1708 1273 1773 iam
1301 1726 1403 1789 usque

222 1818 291 1881 had
314 1818 480 1882 Lazarium
504 1836 577 1882 cunr
599 1818 703 1901 ymnis
727 1817 801 1882 itur.
830 1819 866 1882 In
889 1817 1019 1881 Laterio
1043 1820 1151 1881 autem
1174 1834 1248 1880 cum
1270 1818 1404 1879 uentum

252 1925 359 2003 fuerit,
394 1925 440 1988 ita
472 1944 506 1989 se
534 1924 636 1989 omnis
664 1925 838 1991 multitudo
867 1924 1002 2007 colligit,
1035 1928 1162 1988 utnon
1196 1922 1302 1987 solum
1332 1921 1403 2002 ipse

252 2032 353 2108 locus,
392 2032 448 2096 sed
482 2034 514 2095 et
546 2032 649 2114 campi
683 2050 792 2095 omnes
828 2030 860 2095 in
894 2030 962 2114 giro
993 2030 1080 2112 pleni
1113 2030 1177 2095 sint
1208 2028 1403 2094 hominibus.

253 2138 412 2203 Dicuntur
442 2138 529 2221 ymni
558 2139 653 2203 etiam
685 2142 718 2203 et
750 2137 941 2221 antiphonae
972 2138 1039 2219 apti
1071 2138 1134 2221 ipsi
1166 2137 1229 2203 diei
1257 2140 1290 2201 et
1320 2136 1457 2215 loco,1e

255 2244 404 2309 similiter
432 2247 464 2308 et
494 2244 647 2309 lectiones
676 2246 768 2325 aptae
797 2243 860 2307 diei
889 2261 1107 2325 quaecumque
1134 2243 1295 2328 leguntur.
1336 2242 1403 2307 Iam

254 2355 371 2427 autem,
400 2352 439 2413 ut
464 2350 521 2414 fiat
543 2350 652 2425 missa,
682 2349 887 2414 denuntiatur
907 2350 1036 2433 pascha,
1063 2349 1097 2413 id
1120 2354 1180 2428 est,
1208 2349 1297 2413 subit
1318 2367 1403 2430 pres-

253 2458 344 2540 byter
366 2459 398 2522 in
423 2458 527 2523 altiori
550 2457 621 2522 loco
646 2460 678 2521 et
700 2458 787 2539 leget
808 2458 901 2521 illum
923 2458 1041 2535 locum,
1062 2456 1117 2539 qui
1141 2458 1280 2539 scriptus
1305 2456 1404 2520 estin

255 2564 435 2649 euangelio:
452 2564 540 2631 Cum
560 2564 735 2629 uenisset
753 2565 861 2629 Iesus
880 2564 917 2627 in
931 2564 1118 2628 Bethania
1137 2567 1222 2627 ante
1242 2582 1304 2628 sen
1324 2562 1403 2628 dies

254 2672 416 2753 paschae
441 2674 473 2735 et
496 2674 606 2736 cetera
647 2671 743 2735 Lecto
769 2688 843 2753 ergo
868 2688 904 2734 eo
927 2668 998 2734 loco
1023 2672 1056 2734 et
1078 2670 1264 2734 annuntiata
1285 2668 1405 2751 pascha
1426 2695 1458 2735 so

225 2779 292 2842 cua
314 2778 423 2843 missa.
460 2778 631 2861 Propterea
655 2781 761 2842 autem
786 2796 824 2841 ea
846 2776 896 2841 die
919 2777 980 2841 hoc
1003 2777 1118 2861 agitur,
1148 2777 1298 2860 quoniam
1321 2776 1406 2840 sicut
1559 2766 1560 2769 '

254 2893 286 2956 in
311 2884 475 2969 euangelio
505 2884 659 2967 scriptum
683 2887 742 2960 est,
772 2887 844 2948 ante
868 2903 921 2948 sex
945 2883 1013 2948 dies
1040 2884 1178 2966 paschae
1200 2885 1321 2949 factum
1343 2884 1404 2948 hoc

255 2994 371 3058 fuisset
397 2992 430 3057 in
454 2991 623 3066 Bethania;
653 2990 692 3055 de
720 2991 852 3055 sabbato
881 2991 964 3055 enim
991 3010 1095 3074 nsque
1122 2992 1154 3055 in
1179 2991 1291 3073 quinta
1316 2990 1404 3066 feria,

257 3120 318 3183 qua
341 3102 415 3182 post
437 3117 514 3163 cena
535 3101 632 3163 noctu
656 3098 932 3181 comprehenditur
954 3098 1121 3177 Dominus,
1151 3117 1205 3163 sen
1228 3097 1296 3162 dies
1320 3101 1405 3163 sunt.

255 3208 472 3271 Reuertuntur
500 3224 572 3289 ergo
603 3224 709 3270 omnes
739 3204 778 3268 ad
806 3204 970 3269 ciuitatem
998 3209 1104 3269 rectus
1128 3204 1168 3269 ad
1189 3203 1345 3270 Anastase
1372 3207 1406 3269 et
1425 3225 1455 3267 aa
1559 3194 1560 3211 ¹

256 3311 292 3375 fit
313 3313 475 3377 lucornara
499 3312 587 3375 iuxta
610 3310 883 3375 consuetudinem.

204 3418 248 3482 30
299 3417 373 3483 Alia
400 3436 474 3501 ergo
499 3417 560 3495 die,
588 3416 694 3481 idest
721 3416 890 3492 dominica,
920 3436 982 3499 qua
1008 3416 1145 3481 intratur
1169 3417 1202 3480 in
1230 3415 1408 3499 septimana

256 3525 415 3607 paschale,
445 3543 539 3608 quam
568 3524 620 3588 hic
644 3524 808 3607 appellant
831 3522 1007 3605 septimana
1034 3524 1144 3600 maior,
1172 3524 1339 3588 celebratis
1367 3522 1406 3587 de

257 3632 417 3714 pullorum
445 3632 540 3695 cantu
566 3630 627 3708 his,
656 3650 736 3713 quae
760 3630 999 3703 consuetudinis
1023 3633 1100 3695 sunt
1120 3629 1152 3693 in
1175 3628 1331 3695 Anastase
1353 3628 1408 3694 uel

259 3737 298 3802 ad
331 3737 464 3803 Crucem
501 3756 603 3820 usque
636 3736 676 3801 ad
707 3755 799 3802 mane
833 3736 899 3821 agi:
937 3737 988 3802 die
1021 3756 1094 3821 ergo
1127 3736 1285 3801 dominica
1314 3755 1407 3801 mane
1426 3759 1459 3801 ao

352 4014 384 4069 10
404 4014 437 4071 cr.
456 4014 516 4069 nn.
537 4015 578 4079 11,
598 4014 633 4069 99
688 4015 722 4069 19
742 4012 802 4071 191.
822 4015 864 4083 19,
884 4017 898 4068 1

296 4184 448 4237 91199911
466 4184 493 4237 A
583 4182 668 4253 9111]
689 4183 736 4238 uu
758 4182 935 4238 cromanae
1025 4184 1059 4238 19
1077 4186 1141 4255 apa
1160 4185 1187 4238 A
1273 4186 1308 4239 99
1327 4150 1409 4254 ξἊ

260 4274 294 4326 27
314 4288 383 4341 qnae
401 4272 430 4325 A
448 4288 501 4341 qua
518 4274 619 4342 scripsi
636 4290 697 4327 cam
717 4272 895 4327 Cholodniak
953 4274 988 4327 29
1007 4275 1124 4328 cantatis
1142 4273 1171 4326 A
1187 4276 1269 4328 cantu
1289 4274 1327 4328 eis
1349 4273 1410 4328 Ga·

260 4362 379 4415 marrini
398 4364 478 4415 cautu
496 4360 539 4415 hie
559 4362 734 4416 Cholodnialr
789 4364 824 4417 30
842 4363 934 4432 agitur
951 4364 978 4415 A
997 4364 1043 4433 agi
1060 4364 1159 4431 ecn’psi
