3125 4942
604 1202 852 1269 PRAEFATIO.

196 1361 347 1428 Arculfns
376 1365 505 1428 sanctus
534 1362 703 1446 episcopus
732 1365 827 1446 gente
851 1361 965 1429 Gallus
989 1363 1187 1428 diuersorum
1208 1363 1304 1448 longe

153 1471 346 1534 remotorum
373 1468 495 1550 peritus
521 1469 665 1533 locorum
693 1489 788 1534 uorax
814 1468 906 1534 iudex
934 1473 967 1533 et
999 1469 1077 1534 satis
1109 1467 1243 1534 idoneus
1270 1469 1303 1534 in

154 1575 441 1658 Hierosolymitanu
464 1574 595 1640 ciuitate
620 1595 675 1658 per
698 1595 823 1640 menses
847 1595 964 1641 nouem
982 1575 1164 1658 hospitatus
1183 1579 1216 1640 et
1233 1577 1305 1642 loca

123 1703 135 1742 s
154 1684 263 1745 sancta
286 1681 453 1746 cotidianis
477 1681 717 1746 uisItationibus
736 1701 907 1766 peragrans
927 1682 1005 1746 mihi
1023 1680 1207 1747 Adamnano
1225 1683 1304 1747 haec

153 1787 311 1866 uniuersa,
345 1807 424 1872 quae
455 1787 536 1853 infra
570 1787 722 1853 craxanda
755 1792 839 1866 sunt,
873 1789 1084 1872 experimenta
1119 1789 1303 1873 diligentius

152 1894 369 1976 percunctanti
385 1897 417 1959 et
429 1894 531 1977 primo
547 1894 578 1958 in
598 1895 716 1960 tabulis
737 1894 929 1960 describenti
947 1895 1033 1960 fideli
1052 1899 1084 1960 et
1102 1893 1305 1961 indubitabili

152 2001 329 2067 narratione
371 2001 516 2080 dictauit,
555 2021 634 2084 quae
671 2021 755 2067 nunc
792 2003 824 2067 in
861 2002 1053 2068 membranis
1088 2001 1180 2066 breui
1215 2005 1304 2067 textu

153 2108 346 2173 scribuntur.

12 2366 17 2380 ο
112 2292 135 2331 ιο
401 2266 763 2333 CAPITVLATIONES
787 2267 902 2333 LIBRI
924 2267 1057 2333 PRIMI.

291 2425 317 2490 Ι.
340 2425 388 2490 De
413 2426 478 2492 situ
501 2426 712 2492 Hierusalem.

271 2532 314 2597 Il.
339 2533 385 2598 Do
405 2533 539 2598 ecclesia
556 2533 709 2598 rotundae
730 2533 885 2598 formulae
905 2552 1000 2616 super
1019 2533 1225 2616 sepulchrum
1241 2533 1304 2599 Do·

339 2639 417 2703 mini
440 2639 605 2704 aedificata
629 2642 661 2704 et
684 2639 722 2704 de
745 2640 849 2722 ipsius
873 2640 1034 2722 sepulchri
1055 2641 1158 2726 ligura
1180 2643 1212 2704 et
1235 2640 1304 2705 eius

340 2746 499 2831 tegorioli.

110 2883 135 2922 ιε
258 2852 316 2917 ΠΙ.
339 2853 387 2916 Do
411 2853 466 2918 illo
489 2851 605 2934 lapide,
630 2851 684 2936 qui
709 2850 748 2917 ad
772 2853 914 2918 bostium
937 2852 1135 2917 monumenti
1159 2851 1226 2916 eius
1251 2853 1304 2916 ad·

339 2959 471 3024 uolutus
495 2961 555 3035 est,
575 2977 670 3040 quom
693 2960 827 3043 angelus
850 2958 979 3024 Domini
1002 2957 1041 3022 de
1065 2959 1151 3022 caelo
1176 2956 1304 3023 descen-

341 3064 416 3129 dens
439 3069 514 3148 post
535 3065 800 3130 resurrectionem
823 3065 893 3130 eius
916 3065 1065 3130 resoluit.

186 3353 314 3408 Primum
331 3353 431 3422 solium
450 3353 551 3408 codices
565 3351 592 3404 P
610 3352 761 3406 abscissum
780 3357 820 3406 est
874 3350 1036 3407 ORDITVE
1052 3349 1233 3406 PREEATIO
1252 3350 1301 3404 LI·

152 3441 212 3497 BRI
236 3441 394 3498 AROVLEI
418 3441 585 3498 EPISCOPI
607 3441 750 3496 mexlns
769 3441 819 3495 DE
837 3439 941 3496 LOCIS
962 3439 1114 3495 SANCTIS
1131 3439 1302 3493 HIERVSA-

153 3531 227 3586 LEM
249 3531 280 3585 Y
299 3531 432 3585 PRIMVS
457 3531 506 3586 DE
529 3531 634 3586 LOCIS
659 3530 809 3584 SANCTIS
832 3529 944 3584 LIBER
962 3528 1177 3583 EXORDITVR
1194 3528 1302 3582 PRAE-

152 3619 261 3676 EATIO
281 3620 308 3675 Z
334 3619 374 3674 IN
400 3618 546 3674 NOMINE
571 3619 698 3674 PATRIS
725 3617 772 3672 ET
797 3617 886 3672 FILII
910 3617 958 3672 ET
982 3617 1144 3673 SPIRITVS
1171 3618 1302 3673 SANCTI

154 3707 344 3764 GARAXARE
363 3707 502 3762 LIBRVM
520 3707 569 3762 DE
588 3707 695 3762 Lools
713 3705 854 3762 INCIPIO
870 3706 1021 3761 SANCTIS
1037 3707 1078 3760 Br
1130 3707 1147 3761 3
1165 3705 1246 3760 iudex
1259 3707 1303 3760 Br

154 3797 425 3852 lhierusohmitaoa
443 3797 487 3850 Br
540 3795 727 3852 badomnsno
752 3795 780 3850 Y
831 3797 848 3849 6
868 3795 1016 3850 seruanda
1034 3797 1062 3850 Z
1113 3795 1130 3849 8
1148 3795 1302 3849 menbrsnis

154 3885 195 3940 Bt
247 3885 434 3940 9scribuntur
448 3886 657 3955 capihulationes
671 3885 715 3938 Br
785 3883 954 3939 EXPLICIT
967 3885 1010 3938 Br
1061 3884 1094 3937 10
1113 3883 1302 3938 INCIPIVNT

155 3973 468 4029 CAPITVLATIONES
492 3974 521 4028 Y
545 3972 724 4030 CAPITVLA
747 3962 808 4028 Lis
837 3972 1038 4038 SEQVENTIS
1061 3973 1089 4025 Z
1113 3971 1302 4027 INCIPIVNT

155 4088 333 4146 CAPITVLA
351 4091 394 4144 Br
486 4091 518 4144 12
537 4047 706 4160 sipulchrum
725 4091 776 4152 Br,
797 4107 867 4146 corr.
888 4093 915 4144 2.
934 4107 968 4143 m.
1069 4088 1171 4142 domini
1189 4103 1241 4142 om.
1259 4089 1303 4142 Br

156 4179 187 4234 13
206 4178 366 4234 aedificatae
386 4179 412 4233 Z
470 4182 499 4233 et
516 4195 567 4233 om.
588 4181 638 4243 Br,
658 4179 769 4233 deinde:
788 4178 831 4232 111
848 4179 889 4232 De
908 4179 995 4247 ipsius
1013 4177 1149 4247 sepulchri
1167 4178 1256 4248 figure
1274 4182 1303 4231 et

155 4295 210 4350 erus
228 4259 358 4365 saginor
375 4295 419 4348 ar
491 4295 526 4348 14
543 4295 671 4364 agoreos
695 4293 724 4347 r
794 4294 965 4349 151111Br
1035 4293 1135 4348 oscum
1157 4293 1186 4348 Υ
1202 4294 1301 4347 ostrum

155 4399 234 4438 maso
253 4385 347 4438 littero
365 4383 383 4436 h
402 4383 445 4436 Br
517 4383 574 4438 eius
593 4399 644 4437 om.
664 4384 691 4438 Z
746 4385 778 4439 16
799 4381 959 4438 discendens
977 4382 1005 4436 Z
