3125 4942
615 413 861 468 Ademncnus
1244 413 1308 478 247

159 615 319 694 repertum
352 613 410 690 est,
444 610 620 677 continuari
653 609 836 694 pauimento
869 629 941 674 cum
978 611 1102 693 reliqua
1137 614 1309 676 stratorum

158 723 247 801 parte
266 737 328 784 non
346 717 461 800 potuit,
481 716 638 798 siquidem
662 735 880 800 quaecumque
903 716 1151 800 addicebantur,
1169 717 1308 781 insolens

159 825 298 888 humana
320 824 482 906 suscipere
504 827 590 888 terre
611 825 775 906 respueret
796 824 828 886 in
848 842 903 887 crs
921 823 1147 906 adponentium
1166 823 1308 888 excussis

157 930 380 995 marmoribus.
419 928 501 1010 Quin
534 929 629 994 etiam
663 929 777 994 calcati
811 929 868 994 deo
896 929 1040 1011 pulueris
1069 929 1147 993 adeo
1174 946 1308 1012 perenne

121 1056 140 1094 s
158 1036 386 1102 documentum
406 1039 465 1112 est,
480 1039 518 1100 ut
536 1035 674 1120 uestigia
693 1041 861 1100 cernantur
878 1036 1030 1117 inpressa,
1047 1040 1080 1101 et
1098 1055 1170 1100 cum
1190 1035 1308 1100 cotidie

157 1143 384 1208 confluentium
407 1141 485 1206 fides
510 1161 528 1206 a
550 1143 686 1206 Domino
711 1140 833 1206 calcata
855 1142 992 1225 diripiat,
1020 1142 1170 1207 damnum
1200 1145 1307 1206 tamen

157 1267 252 1313 arena
273 1268 335 1314 non
360 1249 457 1312 sentit
481 1250 512 1312 et
534 1247 664 1312 eandem
684 1248 787 1312 adhuc
807 1248 858 1312 sui
877 1248 1016 1330 speciem
1034 1248 1137 1313 ueluti
1155 1247 1308 1331 inpressis

156 1356 284 1439 signate
306 1355 454 1440 uestigiis
479 1357 562 1420 terra
584 1354 735 1419 custodit.

200 1463 237 1527 In
267 1460 378 1526 eodem
405 1461 506 1546 igitur
532 1463 614 1539 loco,
642 1465 679 1525 ut
707 1464 838 1526 sanctus
870 1462 967 1526 refert
989 1461 1150 1540 Amulius,
1175 1461 1307 1526 sedulus

111 1587 136 1629 ιι
155 1567 300 1632 eiusdem
322 1569 548 1650 frequentator,
568 1587 659 1632 aeres
677 1568 804 1652 grandis
823 1587 879 1651 per
898 1569 1067 1632 circuitum
1085 1573 1155 1633 rote
1174 1567 1309 1650 desuper

154 1675 322 1757 explanata
353 1675 508 1740 collocata
540 1679 599 1754 cst,
632 1676 724 1740 cuius
762 1675 898 1741 altitudo
936 1694 1038 1759 nsque
1074 1676 1114 1740 ad
1150 1676 1306 1740 ceruicem

155 1781 265 1846 haberi
291 1785 487 1847 monstratur
513 1789 705 1847 mensurata.
742 1782 777 1846 In
807 1782 900 1847 cuius
927 1783 1097 1846 medietate
1124 1802 1185 1847 non
1208 1801 1307 1865 parua

153 1890 245 1969 patet
274 1891 454 1971 pertusura,
481 1907 538 1971 per
570 1907 664 1971 quarn
693 1889 829 1972 desuper
855 1892 997 1972 apertam
1024 1890 1163 1974 uestigia
1188 1889 1306 1971 pedum

154 1993 285 2058 Domini
311 1995 404 2077 plene
437 2001 469 2060 ct
500 1995 605 2059 lucide
636 1996 781 2077 inpressa
812 1996 843 2059 in
876 1996 1009 2078 pulnere
1042 1995 1305 2060 demonstrantur.

112 2121 135 2160 ιι
154 2098 216 2163 Illa
239 2119 365 2182 quoque
384 2101 416 2164 in
435 2102 506 2166 rote
525 2102 563 2166 ab
583 2082 879 2185 occidentali'perte
898 2101 989 2184 qussi
1009 2102 1162 2184 quaedam
1182 2119 1307 2184 semper

153 2207 243 2288 patet
270 2211 370 2289 ports,
394 2210 432 2272 ut
458 2227 514 2289 per
542 2226 611 2271 eom
638 2207 793 2272 intrantes
820 2207 915 2271 facile
943 2205 1028 2271 adire
1055 2207 1162 2271 locum
1191 2206 1306 2272 sacrati

154 2311 298 2392 pulueris
325 2312 450 2394 possint
478 2317 511 2377 et
537 2332 593 2395 per
620 2315 759 2396 apertam
785 2313 921 2396 desuper
944 2312 1087 2378 eiusdem
1110 2316 1197 2378 rotae
1224 2314 1306 2379 fors·

153 2437 227 2482 men
251 2417 290 2482 de
314 2437 402 2484 sacro
426 2419 558 2502 puluere
582 2421 734 2503 porrectis
758 2421 907 2485 manibus
931 2420 1103 2504 particulas
1122 2422 1259 2487 sumant.

198 2524 304 2606 Igitur
335 2525 435 2590 nostri
462 2526 580 2592 Arcnlfi
614 2527 652 2592 de
680 2527 750 2592 loco
779 2527 993 2612 uestigiorum
1015 2527 1146 2592 Domini
1169 2527 1305 2592 nanctio

110 2649 227 2696 mcum
247 2631 381 2697 eliorum
401 2633 530 2716 scriptis
548 2638 634 2698 recte
654 2633 832 2711 concordat,
853 2633 937 2716 quod
955 2653 1013 2700 neo
1033 2634 1171 2699 culmine
1191 2635 1305 2700 domus

152 2756 211 2803 nec
239 2739 345 2821 aliquo
370 2739 503 2822 speciali
525 2741 671 2806 inferiore
695 2744 727 2805 et
750 2740 901 2806 uiciniore
923 2742 1064 2825 tegmine
1088 2742 1154 2806 ullo
1178 2759 1306 2824 quoqne

155 2844 249 2910 modo
272 2846 398 2930 protegi
421 2847 570 2930 potuerit,
591 2849 627 2911 nt
650 2866 775 2929 semper
796 2848 965 2913 manifeste
989 2849 1027 2912 ab
1051 2849 1211 2914 uniuersis
1236 2850 1305 2913 eius

153 2950 443 3033 frequentatoribus
471 2954 687 3035 conspiciatur
714 2957 745 3018 et
773 2954 1003 3020 dominicomm
1026 2955 1166 3038 uestigia
1188 2953 1305 3036 pedum

153 3057 185 3122 in
219 3056 363 3122 eiusdem
394 3059 456 3125 loci
489 3061 618 3142 puluere
646 3060 772 3144 depicta
799 3061 883 3125 clare
911 3061 1188 3127 demonstrentur·
1216 3060 1304 3125 Haec

111 3189 134 3230 ιι
155 3164 237 3228 enim
272 3165 382 3230 eadem
416 3165 573 3232 dominica
599 3168 739 3252 uestigia
765 3168 905 3251 ingentis
934 3168 1120 3233 claritudine
1146 3167 1305 3252 lampadis

190 3342 264 3395 lest
278 3358 328 3396 om.
340 3342 382 3395 Br·
436 3343 633 3398 contennsmP
685 3309 818 3409 sdetomm
834 3361 902 3399 corr.
917 3349 939 3398 1.
950 3346 1022 3399 m.Z
1057 3345 1116 3399 21ιι
1130 3345 1305 3399 solemniisZ

153 3429 169 3484 3
189 3429 382 3500 adponentium
402 3431 496 3485 reiecit
514 3431 557 3484 Br
655 3433 772 3486 excussis
791 3450 886 3487 marm.
905 3450 956 3487 οιιι.
976 3433 1019 3486 Βν
1085 3435 1102 3486 4
1122 3433 1187 3502 quin
1208 3433 1301 3500 etism]

153 3530 206 3590 qno
226 3519 254 3572 Ζ
327 3518 424 3573 calenti
444 3521 537 3574 littera
556 3538 572 3573 a
590 3524 617 3576 2.
638 3538 672 3576 m.
691 3524 877 3590 superscripta
896 3523 938 3576 Br·
1017 3522 1113 3575 calcati
1133 3539 1149 3575 n
1168 3521 1218 3574 deo
1242 3521 1303 3584 YZ,

151 3608 200 3664 sed
213 3610 287 3675 conf.
302 3607 381 3676 Sulp.
396 3607 459 3663 Sere.
475 3609 491 3662 Ζ.
508 3625 529 3664 c.
567 3612 583 3664 5
599 3612 642 3664 est
656 3609 847 3664 documentum
861 3611 904 3663 Br
958 3615 1102 3664 cementnr
1114 3628 1147 3664 ex
1161 3611 1305 3663 cernentur

152 3713 221 3753 corr.
241 3703 269 3754 2.
288 3714 322 3750 m.
343 3698 386 3750 Br
439 3699 456 3752 6
476 3697 584 3752 domino
604 3699 702 3753 cmmso
722 3715 738 3752 e
756 3699 835 3767 Sulpi.
856 3700 919 3754 Seu.
986 3701 1001 3753 7
1021 3716 1084 3753 erec
1101 3699 1186 3753 PYZ
1202 3699 1304 3752 herena

151 3787 194 3840 Br
212 3788 248 3854 cf.
269 3786 348 3855 Sulp.
368 3786 432 3842 see.
496 3789 612 3858 speciem
632 3789 674 3841 sni
692 3789 736 3842 Br
798 3789 939 3858 inpressis,
958 3789 1007 3842 sed
1019 3804 1088 3843 cerr,
1104 3789 1130 3842 Z
1147 3789 1209 3842 irinc
1227 3805 1302 3858 pres·

151 3877 188 3929 sis
207 3878 249 3930 Be·
303 3877 448 3930 9sanctns
466 3880 498 3930 ut
515 3877 599 3932 refert
612 3879 655 3932 Br
706 3879 739 3932 10
757 3894 807 3948 per
825 3879 966 3932 circuitum
985 3877 1096 3947 grandis
1114 3877 1158 3930 Br
1229 3880 1302 3946 pota,

151 3965 200 4018 sed
217 3979 287 4019 corr.
306 3965 333 4018 Z
400 3966 430 4019 11
453 3966 635 4036 explanancte
657 3965 686 4020 Y
754 3968 885 4020 uerticem
904 3968 931 4020 Z
1004 3967 1213 4035 repercussum
1235 3965 1304 4017 YBr

151 4069 199 4123 per
217 4070 271 4124 qne
289 4054 332 4107 Br
430 4055 462 4109 15
481 4056 509 4108 in
528 4055 598 4125 rota]
622 4054 739 4109 rotunde
756 4055 800 4109 Br
872 4072 925 4125 quc
943 4057 986 4122 (irc
1003 4059 1118 4121 ramera)
1138 4053 1253 4124 quedam
1277 4053 1306 4106 Y

154 4143 184 4196 17
205 4142 340 4213 posintP
392 4143 426 4198 20
445 4144 598 4198 scribtisP
669 4145 732 4214 quis
754 4145 909 4214 aneBr
968 4145 1000 4198 21
1021 4143 1139 4215 speciale
1162 4143 1191 4198 Y
1258 4143 1301 4196 in-

151 4231 311 4286 teriochr
373 4249 479 4302 quoque
499 4235 591 4288 om.Z
644 4235 678 4288 22
697 4235 841 4304 poteritZ
901 4234 959 4288 eins
977 4249 1028 4288 cm.
1048 4233 1075 4286 Z
1128 4235 1163 4286 21
1182 4231 1301 4286 eiusdem

153 4321 363 4391 loci-uestigio
382 4338 433 4379 orn.
457 4322 485 4377 Y
538 4324 571 4377 25
591 4321 730 4392 lampades
750 4323 793 4376 Br
