3125 4942
288 452 329 515 98
578 447 734 503 Itinera
761 448 1137 519 Hierosolymitana

287 647 339 707 tur
352 644 537 727 scripturas,
557 644 682 727 qrraudo
696 645 848 729 leguntur
861 644 893 707 iu
909 644 1053 724 ecclesia,
1073 646 1148 727 quia
1162 664 1271 711 omues
1287 645 1438 711 docentur

287 770 342 834 per
372 750 445 816 illos
475 750 542 817 dies
572 751 789 836 quadraginta,
820 751 854 815 id
882 754 932 816 est
959 752 998 816 ab
1030 752 1109 817 hcra
1135 752 1237 834 prima
1263 771 1366 835 usque
1399 752 1437 815 ad

241 859 262 922 4
286 858 393 923 horam
422 857 559 935 tertiam,
588 858 735 940 quoniam
764 877 820 941 pcr
846 862 911 922 tres
940 858 1033 923 heras
1061 859 1098 922 lit
1121 858 1306 924 cathecisin.
1348 860 1435 924 Deus

287 969 393 1029 autern
427 965 497 1041 scit,
531 964 677 1029 dominae
711 984 845 1044 sorores,
883 966 1032 1046 quoniam
1064 965 1200 1030 maiores
1233 985 1330 1031 uoces
1362 969 1437 1031 sunt

286 1070 437 1150 fidelium,
462 1071 516 1153 qui
541 1071 580 1136 ad
604 1071 797 1141 audiendum
819 1072 939 1135 intrant
960 1071 992 1135 iu
1017 1071 1196 1136 catireciseu
1220 1072 1260 1136 ad
1282 1091 1331 1149 ea,
1355 1092 1435 1155 quae
1462 1093 1474 1133 a

286 1178 435 1243 dicuntur
461 1179 515 1243 uel
543 1182 739 1261 exponuntur
766 1197 822 1262 per
849 1178 1045 1261 episcopum,
1074 1197 1169 1259 quam
1193 1178 1317 1260 quaudo
1346 1179 1436 1244 sedet

286 1289 318 1349 et
344 1285 505 1368 praedicat
532 1286 563 1349 in
593 1286 729 1350 ecclesia
757 1284 797 1349 ad
825 1284 961 1368 singula,
990 1302 1070 1366 quae
1097 1284 1205 1349 taliter
1227 1288 1434 1367 exponuntur.

283 1392 386 1457 Missa
408 1391 513 1456 autem
538 1392 622 1456 facta
645 1391 814 1456 cathenisis
832 1391 911 1456 hora
932 1391 995 1455 iam
1014 1391 1110 1455 tertia
1133 1392 1242 1455 statim
1264 1391 1338 1455 iude
1362 1410 1434 1456 cum

282 1498 386 1581 ymnis
416 1498 543 1564 ducitur
570 1499 738 1581 episcopus
767 1498 806 1561 ad
829 1498 984 1562 Anastase
1014 1500 1046 1561 et
1071 1496 1110 1560 fit
1135 1498 1236 1561 missa
1262 1497 1302 1561 ad
1324 1499 1433 1571 tertia;

285 1625 321 1670 ac
349 1606 394 1670 sic
419 1605 521 1669 tribus
549 1606 635 1670 horis
665 1604 818 1670 docentur
845 1606 884 1668 ad
913 1604 963 1669 die
991 1624 1047 1687 per
1074 1604 1269 1687 septimanas
1298 1608 1431 1687 septem.
1451 1628 1474 1667 ro

285 1710 407 1776 Octaua
421 1712 503 1776 euim
520 1712 697 1794 septimana
712 1712 1036 1795 quadragesimarum,
1051 1710 1084 1775 id
1098 1713 1149 1775 est
1162 1728 1243 1793 quae
1257 1710 1436 1793 appellatur

284 1817 461 1900 septimana
482 1816 594 1893 maior,
616 1816 681 1880 iam
705 1835 765 1881 uon
789 1820 882 1881 uacat
904 1835 959 1881 eos
980 1816 1153 1894 decertat
1174 1816 1367 1899 impleantur
1385 1836 1432 1895 ea,

238 1926 259 1990 5
283 1944 363 2006 quae
382 1922 527 2007 superius
545 1923 676 1997 (dicta)
695 1927 781 1988 sunt.
802 1923 882 1989 Cum
902 1926 1008 1989 autem
1027 1922 1090 1987 iam
1109 1923 1292 1988 transierint
1310 1924 1434 2006 septem

283 2030 476 2113 septimanae
496 2032 578 2102 <et>
601 2032 729 2112 superat
742 2029 800 2093 illa
817 2048 881 2093 una
894 2029 1072 2112 septimana
1085 2028 1256 2112 paschalis,
1271 2048 1366 2111 quarn
1381 2029 1433 2094 hic

283 2136 444 2219 appellant
470 2136 647 2219 septimana
675 2135 783 2212 maior,
817 2136 881 2200 iam
912 2139 990 2199 tuuc
1022 2136 1112 2199 uenit
1138 2135 1307 2217 episcopus
1340 2154 1432 2199 mane
1450 2159 1473 2198 u

281 2243 311 2307 in
329 2243 463 2307 ecclesia
480 2242 599 2307 maiore
619 2242 658 2307 ad
674 2242 872 2323 Martyrium.
895 2242 991 2308 Retro
1010 2242 1043 2306 iu
1063 2240 1174 2305 absida
1192 2245 1267 2324 post
1284 2241 1432 2306 altarium

280 2350 410 2431 ponitur
442 2350 591 2414 cathedra
618 2350 778 2433 episcopo,
813 2352 846 2413 et
876 2348 921 2413 ibi
953 2368 1035 2414 unus
1068 2352 1100 2413 et
1131 2366 1214 2412 unus
1241 2348 1348 2427 nudet,
1381 2350 1431 2412 uir

282 2476 353 2521 cum
378 2460 466 2541 patre
490 2476 547 2522 suo
567 2460 624 2521 aut
641 2457 756 2521 mulier
774 2476 847 2521 cum
866 2460 967 2521 matre
986 2476 1054 2534 sua,
1080 2460 1112 2521 et
1128 2456 1240 2521 reddet
1257 2456 1429 2522 simbolum

237 2566 257 2629 6
281 2563 439 2647 episcopo.
480 2563 616 2629 Reddite
645 2566 752 2627 sutem
781 2563 917 2629 simbolo
949 2563 1096 2646 episcopo
1125 2564 1297 2647 alloquitur
1320 2582 1429 2628 omnes

281 2670 449 2753 episcopus
470 2673 502 2733 ct
520 2670 617 2735 dicct:
641 2671 702 2735 Per
724 2670 804 2735 istas
824 2674 947 2753 septem
965 2670 1158 2753 septimanas
1177 2671 1281 2753 legem
1302 2688 1428 2734 omnem
1445 2694 1470 2733 ao

280 2776 385 2841 edocti
418 2777 494 2841 estis
528 2777 756 2859 scripturarum
790 2794 847 2841 nec
879 2795 941 2840 non
975 2777 1071 2840 etiam
1105 2775 1143 2840 de
1179 2775 1241 2839 fide
1278 2775 1427 2851 audistis

279 2883 414 2948 audistis
431 2883 524 2947 etiam
540 2887 573 2946 et
591 2884 629 2947 de
647 2883 877 2948 resurrectione
896 2882 1010 2960 carnis,
1029 2882 1086 2948 sed
1105 2886 1138 2947 et
1155 2882 1283 2947 simboli
1303 2902 1429 2947 omnem

278 2990 443 3065 rationem,
467 2992 505 3054 ut
526 2988 677 3072 potuistis
701 2993 806 3053 tamen
830 2988 933 3053 adhuc
953 2989 1166 3053 cathecumini
1185 2990 1306 3066 audire;
1332 2989 1430 3055 uerba

278 3099 395 3173 autem,
416 3099 591 3178 quaesunt
613 3096 748 3159 misterii
771 3095 904 3172 altioris,
929 3094 962 3158 id
981 3100 1031 3160 est
1048 3095 1151 3177 ipsius
1170 3096 1332 3179 baptismi,
1353 3098 1429 3179 quia
1545 3141 1546 3166 r

279 3201 382 3267 adhuc
406 3202 617 3267 cathecumini
632 3203 767 3278 (estis),
783 3202 893 3267 audire
907 3222 968 3266 nou
984 3202 1133 3284 potestis3
1151 3205 1183 3267 et
1196 3221 1234 3266 ne
1250 3202 1427 3269 aestimetis
1446 3231 1471 3271 ra

278 3308 399 3391 aliquid
418 3310 485 3373 sinc
503 3311 623 3375 ratione
642 3309 720 3387 fieri
740 3329 814 3374 cum
832 3310 863 3373 iu
883 3308 1008 3373 nomine
1027 3308 1086 3372 Dei
1104 3308 1273 3391 baplidiati
1290 3308 1427 3388 luentia,

277 3435 333 3499 per
348 3420 418 3481 octo
432 3415 499 3480 dies
518 3416 684 3499 paschales
702 3420 778 3498 post
795 3416 895 3479 missa
912 3416 998 3479 facta
1016 3414 1206 3479 deecclesia
1223 3415 1255 3479 in
1269 3416 1427 3482 Anastase

278 3523 428 3600 audietis;
454 3522 527 3606 quia
551 3522 653 3587 adhuc
672 3521 884 3587 cathecumini
902 3522 992 3599 estis,
1016 3521 1159 3586 misteria
1176 3520 1236 3586 Dei
1256 3524 1428 3588 secretiora

278 3628 340 3693 dici
363 3629 455 3693 uobis
479 3648 539 3694 nou
563 3634 706 3714 possunt,

313 3820 329 3872 3
349 3818 492 3873 cathenisis
514 3818 689 3873 Cholcdniut
743 3820 776 3872 12
795 3836 849 3872 nou
869 3824 934 3872 crate
952 3822 1034 3873 uacat
1051 3815 1083 3871 in
1101 3818 1192 3873 codice
1210 3825 1304 3873 actare
1317 3824 1349 3873 at
1365 3819 1424 3874 Ga·

276 3910 431 3965 murrinum
453 3911 496 3962 ito
519 3908 647 3961 editorem
665 3908 813 3962 Ruasicacm
826 3908 911 3976 sopit.
937 3909 976 3961 Iu
995 3908 1054 3962 loco
1073 3924 1149 3976 aqua
1168 3924 1283 3975 aspersa
1301 3915 1425 3975 apeme
1465 3916 1469 3925 '

277 3999 394 4053 euanuit
412 3998 438 4051 A
509 3998 540 4051 13
561 3996 634 4051 dicta
653 3997 753 4050 addidi
823 3997 857 4049 14
876 4000 904 4049 et
924 3996 1024 4050 addidi
1097 3998 1129 4050 17
1149 3997 1201 4049 uiri
1220 3995 1247 4048 A
1265 3996 1308 4048 uir
1325 3996 1424 4064 scripsi

277 4088 312 4141 20
334 4088 402 4141 istos
425 4089 453 4141 A
561 4086 595 4140 22
619 4085 721 4153 singuli
743 4086 770 4138 A
794 4085 960 4154 singulorum
987 4085 1162 4139 opopanace
1191 4084 1300 4138 simbcli
1325 4085 1424 4153 serape·

276 4176 311 4229 23
334 4176 446 4229 uerbum
471 4186 505 4229 au
528 4176 554 4227 A
578 4190 670 4228 uerum
695 4180 787 4227 autem
813 4173 988 4227 Ohodcdniudc
1010 4174 1123 4227 uerbuur
1147 4176 1195 4227 aut
1216 4173 1423 4241 Poma‘aloacaly

277 4265 360 4319 uerba
374 4268 465 4318 autem
478 4265 576 4333 scripsi
631 4265 664 4317 24
678 4264 793 4317 misterii
809 4267 834 4316 A
907 4264 954 4332 qui
968 4264 995 4316 A
1009 4264 1073 4333 quia
1089 4263 1255 4317 Gcmurre'm'
1309 4263 1343 4316 25
1357 4263 1421 4317 estis

274 4355 334 4422 ipsc
353 4352 453 4406 addidi
525 4352 659 4405 extimatis
678 4352 705 4405 A
761 4352 794 4405 28
815 4351 860 4421 qui
879 4353 906 4404 A
926 4352 988 4421 quia
1010 4352 1177 4406 Gcmurrim'
