3125 4942
276 430 316 493 70
467 424 469 429 '
568 425 723 479 Itinera
750 424 1119 495 Hierosolymitaua

273 622 378 704 ipsum
401 620 514 685 collem
534 624 567 685 et
584 620 614 685 iu
632 619 737 685 medio
752 638 864 685 murus
876 620 998 703 ingens,
1020 620 1073 701 qui
1087 619 1230 684 inoludet
1243 619 1423 697 eeclesiam,

273 728 305 791 iu
335 746 397 811 qua
426 732 475 791 est
501 726 699 811 martyrium,
729 726 815 809 quod
842 727 1028 809 martyrium
1058 726 1137 791 satis
1165 726 1334 809 pulchrum
1362 730 1422 791 est.

274 836 443 919 Propterea
463 838 569 899 autem
589 852 699 899 murus
723 834 842 898 missus
862 837 912 898 est
935 833 974 897 atl
993 832 1234 898 custodiendam
1253 832 1421 897 eeclesiam

273 946 402 1023 propter
424 942 591 1019 Hisauroa
620 942 695 1024 quia
724 941 802 1005 satis
830 940 907 1005 mali
935 949 1011 1005 suut
1037 945 1070 1005 et
1098 941 1279 1022 frequenter
1305 940 1424 1005 ramm-

275 1048 430 1123 oulantur‚
459 1068 497 1113 ne
525 1048 605 1112 sorte
635 1052 787 1112 oonentur
810 1046 930 1129 aliquid
952 1047 1054 1111 faeere
1078 1047 1160 1111 oiroa
1184 1046 1423 1121 monasterinm,
1455 1069 1469 1109 e
1548 1075 1549 1080 κ

245 1154 359 1237 5quorl
386 1155 431 1219 ibi
460 1160 509 1219 est
537 1155 734 1238 deputatum.
777 1154 825 1218 lbi
855 1173 928 1237 ergo
958 1173 1031 1218 oum
1061 1153 1220 1218 uenissem
1243 1152 1274 1217 iu
1298 1152 1424 1218 nomine

275 1261 343 1339 Dei,
367 1261 451 1327 lacta
483 1262 621 1327 oratione
654 1260 693 1325 ad
726 1260 912 1344 martyrium
943 1280 1001 1326 neo
1033 1280 1093 1326 non
1128 1259 1223 1325 etiam
1256 1262 1288 1323 et
1318 1260 1424 1323 lectus

274 1366 376 1431 omnis
405 1370 495 1431 aetus
524 1371 650 1431 sanotae
677 1367 803 1444 'leolam
836 1366 954 1452 gratias
983 1366 1109 1433 Christo
1138 1366 1206 1431 Deo
1234 1369 1342 1431 nostro
1371 1365 1424 1448 egi

162 1522 166 1541 .
272 1472 421 1549 infinitas,
455 1472 509 1555 qui
540 1473 618 1538 mihi
648 1473 796 1556 dignatus
825 1478 876 1539 est
902 1473 1049 1558 indignae
1078 1478 1110 1538 et
1137 1492 1197 1538 non
1228 1472 1363 1535 merenti
1390 1470 1423 1533 in

149 1576 218 1665 [55]
244 1580 420 1645 6omuibus
436 1579 589 1645 desideria
609 1581 778 1662 complere.
803 1580 850 1644 llo
869 1580 916 1645 sio
934 1599 1009 1664 ergo
1028 1580 1113 1645 laoto
1132 1579 1177 1645 ibi
1195 1577 1293 1643 biduo
1315 1576 1321 1664 Ι
1341 1577 1423 1642 uisis
1443 1604 1469 1645 ro

274 1686 368 1751 etiarn
389 1687 506 1751 sanetis
521 1687 684 1751 monachis
704 1687 756 1751 uel
773 1687 970 1769 aputaotitis‚
990 1692 1055 1751 tam
1071 1686 1149 1751 uiris
1167 1704 1261 1767 quam
1284 1683 1424 1761 feminis,

274 1792 328 1874 qui
356 1791 522 1867 inierant,
552 1796 584 1857 et
606 1794 690 1859 faeta
721 1794 861 1859 orations
889 1796 922 1858 ot
945 1793 1167 1858 communione
1194 1810 1322 1856 reuersa
1350 1808 1422 1853 sum

274 1898 392 1963 Tharso
422 1899 460 1963 ad
487 1900 549 1963 iter
575 1918 692 1974 meum,
722 1900 777 1964 ubi
805 1900 890 1965 faeta
917 1899 1036 1964 statiua
1067 1899 1213 1963 triduana
1240 1898 1424 1968 innomine

273 2004 332 2070 Dei
360 2006 500 2087 profeota
528 2024 598 2069 sum
622 2004 694 2069 inde
717 2006 779 2071 iter
800 2026 919 2071 meum.
956 2006 1002 2070 Ao
1026 2006 1073 2071 sio
1101 2006 1288 2088 perueniens
1312 2005 1424 2070 eodem

274 2112 324 2176 dia
348 2112 386 2176 ad
410 2112 618 2190 mansionem,
642 2131 722 2195 quae
742 2112 920 2196 appellatur
937 2112 1171 2189 Mansooreoas
1194 2130 1275 2195 quae
1293 2114 1345 2176 sst
1362 2112 1424 2177 sub
1445 2134 1472 2174 15

244 2218 379 2283 7monte
407 2218 521 2297 Tauro,
555 2218 599 2283 ibi
631 2219 745 2283 mansi.
788 2220 830 2283 Et
856 2220 928 2284 inde
957 2219 1019 2283 alia
1045 2219 1096 2283 dio
1124 2219 1254 2284 subiens
1281 2221 1425 2283 montom

274 2324 411 2389 Taurum
442 2328 475 2389 el
501 2324 620 2390 faoiens
649 2326 710 2391 iter
737 2326 800 2390 iam
829 2330 940 2391 notum
968 2345 1024 2410 per
1056 2326 1199 2409 singulas
1231 2324 1424 2408 prouincias,

274 2448 352 2513 quas
388 2431 491 2496 eundo
523 2432 742 2509 transiueram‚
775 2432 807 2496 id
841 2436 891 2497 est
918 2432 1161 2516 Cappadociam,
1195 2430 1352 2497 Galatiam
1390 2436 1426 2495 et

274 2538 458 2616 Bithiniam,
477 2538 607 2619 perueoi
631 2538 816 2617 Caloedom,
840 2538 894 2603 ubi
918 2543 1046 2623 propter
1068 2538 1319 2603 famosissimum
1342 2556 1426 2601 mar-

273 2643 391 2727 tyrium
415 2648 541 2709 sanotae
564 2645 719 2709 Eufimiae
743 2646 781 2710 ab
811 2646 888 2710 olim
910 2646 1010 2710 michi
1031 2649 1143 2709 uotum
1171 2645 1245 2721 iam,
1269 2642 1354 2726 quod
1376 2643 1424 2707 ibi
1443 2668 1472 2708 so

243 2750 333 2829 8est,
357 2750 458 2815 mansi
480 2752 561 2815 looo.
585 2751 632 2815 Ao
655 2751 701 2815 sio
726 2770 800 2835 ergo
830 2752 892 2816 alia
919 2752 970 2817 die
996 2752 1152 2817 transiens
1180 2768 1265 2815 mare
1293 2749 1425 2833 perueni

274 2856 578 2940 Constantinopolim
599 2876 694 2941 agens
715 2858 840 2923 Christo
860 2858 927 2923 Deo
946 2862 1054 2923 nostro
1074 2858 1202 2943 gratias,
1221 2856 1306 2940 quod
1323 2855 1425 2921 miehi

273 2963 420 3048 indignae
440 2966 472 3027 et
488 2982 549 3028 non
570 2963 703 3027 merenti
721 2966 882 3046 praestare
901 2963 1050 3049 dignatus
1069 2968 1119 3029 est
1136 2967 1256 3029 tantam
1276 2963 1423 3049 gratiam,

273 3068 305 3133 id
335 3072 393 3145 est,
429 3072 463 3133 ut
491 3088 551 3133 non
584 3069 689 3134 solum
722 3069 921 3135 uoluntatem
950 3069 1055 3148 eundi,
1088 3070 1145 3135 sed
1172 3074 1204 3136 at
1235 3070 1423 3135 facultatem

273 3175 521 3260 perambulandi,
545 3194 628 3258 quae
652 3175 880 3249 desiderabam,
904 3175 1053 3262 dignatus
1080 3176 1185 3241 iuerat
1206 3179 1365 3259 praestare
1389 3185 1425 3240 et
1443 3203 1473 3243 aa

243 3278 449 3348 ‘lreuertendi
476 3281 578 3347 denuo
609 3281 923 3365 Constantinopolim.
965 3284 1026 3349 Ubi
1055 3289 1129 3349 eum
1162 3283 1334 3351 uenissem.
1366 3300 1425 3365 per

274 3390 416 3473 singulas
441 3388 592 3455 eeclesias
620 3388 673 3454 uel
696 3388 860 3471 apostolos
888 3408 945 3454 neo
968 3408 1030 3454 non
1058 3394 1091 3455 et
1113 3409 1169 3474 per·
1192 3390 1318 3474 singula
1340 3407 1422 3453 mar·

272 3497 364 3579 tyria,
393 3514 473 3578 quae
500 3494 546 3559 ibi
573 3495 711 3578 plurima
739 3497 825 3574 sunt,
853 3514 914 3560 non
939 3496 1102 3561 cessabam
1126 3497 1193 3562 Deo
1216 3498 1324 3561 nostro
1347 3495 1420 3560 lesu

273 3602 390 3687 gratias
410 3620 513 3686 agere,
538 3601 592 3683 qui
614 3600 661 3665 ita
684 3620 779 3684 super
802 3621 853 3667 me
876 3602 1123 3670 misericordiam
1148 3622 1238 3668 suam
1260 3606 1422 3687 praestare

221 3703 261 3765 10
273 3708 421 3793 dignatus
440 3708 553 3773 luerat.
578 3709 624 3773 Do
640 3728 701 3791 quo
721 3709 803 3787 loco,
824 3708 968 3787 domnae,
987 3710 1093 3775 lumen
1113 3730 1231 3786 meum,
1251 3729 1324 3775 oum
1342 3710 1422 3775 haee
1441 3740 1471 3781 so

308 3970 326 4021 4
343 3968 404 4021 hisa
424 3984 502 4023 auros
522 3968 609 4024 altero
629 3986 645 4023 a
664 3968 768 4023 lineola
786 3947 876 4024 deleta
897 3971 924 4023 A
988 3971 1004 4024 6
1024 3974 1066 4023 est
1084 3970 1132 4036 ibi,
1150 3969 1284 4024 sedendo
1302 3970 1422 4039 napulie

274 4056 421 4125 arlsmipte'a
440 4058 581 4113 restitutus
599 4064 638 4112 eat
656 4058 683 4111 A
751 4058 866 4113 'lleota'
886 4058 978 4113 omnia
995 4075 1065 4114 corr.
1084 4060 1115 4112 ia
1134 4058 1207 4112 omni
1225 4059 1252 4111 A
1319 4060 1422 4113 9ante

273 4146 385 4200 merenti
405 4152 442 4201 est
461 4162 563 4201 rasura
581 4152 715 4213 quattuor
734 4146 890 4201 litterarum
903 4149 930 4201 A
988 4150 1017 4201 ll
1035 4147 1200 4218 apotactitas
1214 4148 1242 4201 A
1297 4149 1331 4201 15
1351 4165 1421 4217 quae

273 4234 325 4303 eat]
350 4250 404 4302 qua
428 4234 514 4289 estA
605 4236 638 4289 16
662 4234 717 4287 alia
739 4252 772 4289 ex
795 4236 847 4290 alie
871 4251 939 4290 corr.
964 4238 992 4290 A
1084 4236 1115 4290 ll
1139 4237 1194 4289 iam
1216 4237 1249 4289 ia
1271 4252 1376 4290 rasura
1395 4241 1420 4289 A

272 4322 403 4375 atterat
423 4324 546 4391 prareA
601 4323 635 4377 30
654 4322 781 4377 douaoA
