3125 4942
257 443 298 506 86
553 438 708 494 Itinera
736 438 1108 511 Hierosolymitans

257 636 337 699 enim
362 636 432 717 ipsa
456 636 504 700 die
528 654 589 700 uns
616 654 672 719 per
695 638 799 699 totum
827 655 943 699 annum
971 656 1132 718 nunquam
1161 636 1303 701 offeritur
1329 641 1406 720 post

258 741 391 807 Crucem
414 742 475 807 uisi
502 743 572 826 ipsa
599 743 648 806 die
676 745 812 809 tontum.
854 742 952 807 Facta
979 762 1053 827 ergo
1082 743 1186 807 stibi
1213 746 1313 810 missa
1339 746 1406 809 itur

257 849 296 913 ad
326 851 493 927 Anastase,
530 850 566 913 fit
602 850 712 925 oratio,
750 850 982 914 benedicuntur
1015 850 1104 915 iuxta
1140 852 1405 917 cousuetudinem

257 956 468 1021 cathecumini
497 960 529 1020 et
556 955 602 1021 sic
630 955 739 1021 fideles
768 960 802 1020 et
827 955 865 1020 fit
891 956 999 1023 missa.
1040 956 1083 1019 Et
1110 957 1156 1021 sic
1183 959 1405 1041 unusquisque

256 1062 384 1127 festinat
407 1062 524 1127 reuerti
547 1062 578 1126 in
603 1062 731 1128 domum
756 1082 858 1139 suam,
877 1065 914 1126 ut
935 1063 1114 1141 manducet,
1139 1064 1212 1146 quia
1235 1065 1346 1129 statim
1369 1069 1407 1130 ut
1436 1088 1449 1128 s

256 1167 525 1247 manducsuerint,
550 1187 659 1233 omnes
683 1168 802 1233 uadont
823 1170 855 1232 in
873 1169 992 1233 Eleona
1014 1169 1047 1233 in
1071 1170 1205 1235 ecclesia
1223 1190 1269 1249 ea,
1288 1172 1319 1235 in
1345 1192 1407 1253 qua

258 1281 307 1339 est
339 1275 498 1357 spelunca,
531 1275 563 1339 in
598 1293 661 1357 qus
691 1275 761 1359 ipss
789 1276 838 1338 die
866 1275 1022 1339 Dominus
1051 1296 1124 1341 cum
1152 1278 1307 1359 apostolis
1333 1279 1406 1343 fuit.

228 1382 298 1447 dut
325 1380 369 1445 ibi
392 1400 495 1464 usque
519 1382 556 1445 ad
581 1382 658 1446 hora
681 1382 783 1447 noctis
807 1382 937 1448 forsitan
964 1383 1074 1465 quinta
1097 1404 1221 1467 semper
1243 1389 1299 1449 aut
1320 1385 1406 1467 ymni

259 1494 315 1551 aut
338 1488 527 1570 antiphonae
552 1492 643 1571 aptae
667 1489 730 1553 diei
749 1491 781 1552 et
804 1491 886 1567 loco,
911 1489 1059 1555 similiter
1077 1495 1110 1555 ot
1126 1491 1281 1557 lectiones
1301 1492 1409 1556 dicun-

258 1599 320 1672 tur,
348 1594 553 1678 interpositae
583 1596 740 1660 orationes
767 1595 858 1672 fiunt,
886 1597 957 1662 loca
985 1597 1082 1661 etiam
1110 1616 1147 1661 ea
1175 1597 1212 1662 de
1241 1598 1407 1682 euangelio
1428 1623 1454 1661 ro

258 1702 417 1785 leguntur,
447 1703 478 1765 in
507 1702 623 1785 quibus
647 1702 802 1769 Dominus
831 1702 989 1767 allocutus
1018 1710 1068 1767 est
1096 1702 1271 1787 discipulos
1299 1704 1409 1769 eadem

228 1807 309 1873 ldie
338 1809 450 1873 sedens
474 1808 505 1872 in
530 1808 639 1872 eadem
663 1809 827 1892 spelunca,
856 1828 936 1890 quae
959 1810 991 1873 in
1014 1810 1085 1893 ipsa
1109 1811 1244 1875 ecclesia
1267 1814 1327 1875 est.
1368 1812 1409 1875 Et

257 1914 330 1979 inde
353 1914 416 1979 iam
441 1916 516 1980 hora
540 1916 643 1980 noctis
662 1915 794 1980 forsitan
813 1920 901 1980 sexta
919 1915 984 1980 itur
1003 1934 1081 1982 eusu
1099 1916 1132 1980 in
1151 1916 1317 1982 Imbomon
1336 1937 1409 1982 cum

137 2008 202 2100 [66]
258 2022 362 2105 ymnis
390 2022 422 2086 in
452 2041 488 2087 eo
515 2024 597 2098 loco,
627 2022 708 2087 uude
737 2022 880 2087 escendit
902 2022 1059 2086 Dominus
1087 2023 1118 2086 in
1143 2022 1249 2088 caelis.
1272 2022 1276 2105 Ι
1296 2024 1339 2089 Et
1365 2025 1410 2087 iti

260 2129 361 2194 denuo
395 2129 541 2194 similiter
572 2129 725 2193 lectiones
759 2132 791 2193 et
822 2128 910 2212 ymni
943 2131 975 2193 et
1007 2129 1197 2210 antiphonae
1225 2134 1318 2212 aptae
1347 2131 1410 2195 diei
1429 2149 1455 2186 rs
1548 2151 1549 2202 ς

260 2236 417 2313 dicuntur,
446 2237 604 2302 orationes
628 2237 723 2301 etiam
747 2237 836 2319 ipsae
860 2255 1079 2319 quaecumque
1101 2236 1192 2315 liunt,
1222 2256 1301 2319 quas
1326 2236 1411 2302 dicct

260 2343 438 2426 episcopus
463 2364 587 2427 semper
611 2347 643 2408 et
667 2344 728 2407 diei
753 2348 786 2407 et
807 2342 876 2408 loco
900 2346 989 2425 aptas
1014 2343 1108 2409 dicet.

207 2450 251 2515 36
303 2450 349 2515 Ac
373 2450 419 2516 sic
443 2469 516 2534 ergo
541 2468 614 2515 cum
638 2450 777 2533 coeperit
796 2468 867 2515 esse
886 2450 1047 2533 pullorum
1066 2452 1188 2528 cantus,
1209 2449 1413 2515 descenditur

260 2558 298 2621 de
321 2558 486 2623 Imbomon
511 2576 584 2621 cum
606 2556 708 2640 ymnis
739 2560 771 2621 et
799 2556 960 2621 acceditur
988 2556 1101 2620 eodem
1122 2554 1205 2633 loco,
1229 2556 1285 2620 ubi
1308 2557 1413 2621 orauit

260 2651 781 2745 Dominus,sicutscriptum'estiu
794 2662 959 2746 euangelio
969 2686 976 2725 :
986 2662 1033 2725 Et
1046 2662 1216 2727 accessit
1232 2665 1412 2744 quantum
1432 2682 1456 2722 ιο

260 2774 386 2837 iactus
409 2772 551 2855 lepidis
576 2774 612 2834 et
636 2770 762 2834 orauit
786 2774 819 2835 et
838 2773 950 2834 cetera.
969 2770 1006 2833 In
1027 2788 1062 2833 eo
1083 2768 1167 2833 enim
1185 2768 1256 2834 loco
1277 2768 1414 2833 ccclesia

261 2885 310 2945 est
330 2881 468 2963 elegans.
492 2877 673 2961 Ingreditur
694 2877 740 2940 ibi
759 2878 930 2960 episcopus
949 2878 982 2939 et
1000 2875 1103 2939 omnis
1121 2875 1272 2957 populus,
1296 2875 1415 2940 dicitur

260 2988 305 3052 ibi
334 2986 433 3052 oratio
462 2988 535 3068 apta
558 2986 628 3049 loco
654 2983 783 3061 ecdici,
812 2983 930 3047 dicitur
953 2982 1049 3046 etiam
1072 3002 1156 3046 unus
1179 3002 1293 3064 ymnus
1317 2987 1412 3067 aptus

262 3099 293 3158 ct
319 3093 438 3177 legitur
464 3092 532 3173 ipss
560 3092 650 3156 locus
682 3090 720 3155 de
745 3089 921 3174 euangelio,
955 3088 1011 3153 ubi
1035 3087 1113 3152 dixit
1136 3088 1304 3172 discipulis
1328 3090 1412 3155 suis:

265 3201 442 3285 Vigilate,
475 3219 517 3263 ne
545 3198 701 3263 intretis
730 3198 765 3261 in
794 3195 1098 3278 temptationem.
1145 3196 1187 3259 Et
1215 3196 1318 3259 omnis
1342 3196 1411 3278 ipse
1431 3218 1456 3257 a

231 3305 351 3371 dloous
365 3305 539 3388 perlegitur
557 3304 602 3368 ibi
617 3308 649 3367 et
667 3304 704 3367 rit
723 3303 826 3368 denuo
846 3302 958 3368 oratio.
981 3302 1022 3366 ut
1040 3301 1105 3365 iam
1123 3301 1197 3365 inde
1217 3321 1290 3366 cum
1308 3302 1412 3385 ymnis

260 3432 362 3495 usque
386 3412 425 3475 ad
448 3412 598 3475 minimus
621 3410 725 3475 iulans
748 3410 779 3474 in
801 3408 988 3474 Gessamani
1010 3407 1144 3491 pedibus
1169 3427 1241 3472 cum
1262 3408 1411 3492 episcopo

262 3518 461 3597 descendent,
490 3518 544 3582 ubi
572 3536 646 3599 prae
674 3522 740 3579 tam
768 3535 884 3597 magna
910 3516 1005 3580 turba
1032 3513 1249 3579 multitudinis
1279 3519 1312 3579 et
1340 3516 1412 3580 fati-

263 3626 328 3709 gati
352 3626 389 3689 de
413 3624 534 3709 uigiliis
559 3626 591 3687 et
612 3624 740 3687 ieiuniis
765 3622 931 3688 cotidianis
954 3622 1043 3700 lassi,
1069 3621 1144 3703 quia
1166 3624 1232 3685 tem
1261 3641 1411 3705 magnum

263 3736 402 3797 montem
424 3750 553 3797 necesse
578 3731 695 3795 habent
718 3729 918 3807 descendere,
941 3730 1026 3793 leuto
1051 3732 1084 3793 et
1106 3730 1191 3793 lente
1210 3746 1284 3792 cum
1307 3729 1410 3812 ymnis
1428 3756 1454 3795 ao

263 3841 389 3905 uenitur
420 3839 451 3903 iu
483 3837 679 3903 Gessameni.
723 3836 877 3903 Candelae
910 3840 1016 3900 autem
1050 3834 1286 3899 ecclesiasticae
1318 3855 1413 3918 super

233 3946 416 4010 3ducentae
440 3948 566 4029 paratae
591 3947 665 4008 sunt
686 3946 814 4027 propter
836 3944 944 4007 lumen
968 3942 1053 4007 omni
1077 3944 1207 4025 populo.
1232 3940 1313 4007 Cum
1338 3961 1410 4027 ergo

353 4138 387 4191 20
406 4136 469 4191 Luc.
490 4138 532 4204 22,
552 4137 584 4189 41
641 4136 675 4189 25
694 4136 775 4189 llarc.
798 4135 841 4199 14,
861 4135 895 4189 38

299 4255 315 4308 9
334 4256 398 4323 apte
416 4252 443 4305 A
517 4252 549 4305 16
569 4265 736 4320 quecumque
755 4250 782 4303 A
857 4251 888 4304 19
908 4248 1014 4303 accedit
1032 4248 1059 4302 A
1078 4246 1216 4302 acceditur
1236 4248 1412 4303 Glsoiodniat

265 4334 359 4424 eidem
378 4368 405 4422 A
459 4368 492 4421 27
511 4367 616 4431 monim
637 4367 695 4437 (aa)
715 4366 743 4419 A
798 4366 832 4421 aa
852 4365 966 4419 aucense
983 4366 1011 4419 a
