3125 4942
285 446 326 510 58
585 440 740 495 Itinera
767 439 1139 510 Hierosolymitana

160 630 230 713 [46]
285 652 397 717 graeco
423 652 566 699 sermone
589 634 650 699 nisi
675 652 771 718 cepcs
796 636 831 698 tu
856 634 931 718 agiu
954 634 1091 710 iohanni,
1114 633 1119 719 Ι
1139 634 1173 699 id
1196 635 1349 717 estquod
1372 654 1432 701 nes

285 740 390 805 dicitis
418 742 515 806 latina
546 740 658 807 hortus
692 740 795 805 sancti
821 741 981 806 Iohannis.
1020 740 1104 805 Nam
1139 742 1294 807 etmulti
1321 742 1434 807 fratres

285 848 387 911 saneti
420 846 566 911 monachi
599 847 638 911 de
671 846 806 911 diuersis
839 846 919 911 locis
952 846 1115 911 uenientes
1147 847 1284 911 tendunt
1315 866 1360 927 se,
1396 850 1435 911 ut

254 951 431 1018 4lauentur
458 954 489 1017 in
514 972 549 1018 eo
578 955 658 1019 loco.
700 954 814 1017 Denuo
838 971 914 1037 erge
937 957 972 1017 et
994 953 1032 1018 ad
1060 953 1168 1036 ipsum
1190 953 1321 1033 fontem,
1348 953 1435 1019 sicut

284 1068 316 1125 et
342 1060 374 1124 in
404 1061 539 1145 singulis
566 1060 657 1137 locis,
680 1060 765 1124 facta
789 1064 839 1125 est
866 1060 964 1125 oratio
994 1064 1026 1124 ct
1054 1061 1140 1125 lecta
1163 1064 1212 1125 eet
1233 1059 1305 1143 ipsa
1325 1060 1432 1138 lectio,
1465 1082 1479 1121 a

284 1168 388 1233 dictus
409 1168 504 1231 etiam
521 1166 665 1250 psalmus
685 1170 867 1250 competens
888 1170 920 1230 et
939 1167 1075 1251 singula,
1095 1186 1176 1250 quae
1195 1165 1433 1232 consuetudinis

283 1275 374 1340 nobis
399 1276 487 1339 erunt
508 1274 621 1353 iacere,
647 1273 840 1356 ubicumque
862 1272 902 1337 ad
924 1273 997 1338 loca
1019 1278 1128 1338 sancta
1147 1274 1364 1351 ueniebamus‚
1387 1274 1434 1337 ita

253 1379 316 1445 det
338 1382 383 1444 ihi
406 1381 550 1445 fecimus.
593 1380 678 1445 Illud
703 1380 798 1445 etiam
822 1380 989 1463 presbyter
1011 1384 1140 1446 sanctus
1164 1379 1244 1445 dixit
1265 1382 1367 1461 nobis,
1395 1400 1432 1446 eo

284 1488 368 1569 quod
395 1506 496 1569 usque
525 1488 554 1551 in
587 1487 738 1551 hodierna
765 1486 815 1551 die
844 1506 968 1570 semper
994 1490 1065 1552 eata
1087 1487 1215 1569 pascha,
1239 1488 1433 1571 quicumque

284 1598 391 1659 essent
409 1593 589 1677 baptizandi
608 1594 639 1657 in
659 1592 874 1677 ipsouicc,'id
889 1593 985 1658 estin
1001 1594 1145 1671 ecclesia,
1161 1612 1241 1677 quas
1256 1594 1434 1678 appellatur
1453 1618 1480 1657 ιο

284 1719 364 1783 opus
397 1699 644 1777 Melchisedech,
679 1718 787 1764 omnes
820 1700 852 1763 iu
885 1700 957 1783 ipse
979 1686 1076 1764 'fehta
1108 1699 1352 1784 baptizarentur,
1385 1701 1432 1765 sie

284 1806 421 1871 redirent
443 1810 566 1871 mature
590 1806 630 1871 ad
654 1806 801 1871 candelas
825 1824 898 1870 cum
919 1806 1042 1871 clericis
1062 1811 1095 1871 et
1115 1807 1279 1872 monachis
1300 1807 1432 1872 dicende

283 1913 424 1995 psalmos
452 1913 505 1978 uel
532 1913 719 1995 antiphonas
752 1916 785 1977 et
812 1913 859 1978 sic
891 1912 1024 1977 aiente
1055 1932 1157 1995 usque
1190 1913 1230 1978 ad
1264 1912 1433 1978 ecclesiam

284 2020 385 2083 sancti
407 2018 643 2084 Melchisedech
668 2019 898 2084 deducerentur
923 2024 1047 2084 mature
1071 2038 1189 2095 omnes,
1219 2021 1274 2101 qui
1296 2020 1434 2086 fuissent

253 2124 447 2209 bbaptinati.
475 2126 542 2191 Nes
567 2144 640 2209 ergo
664 2125 856 2208 accipientes
881 2126 919 2190 de
941 2125 1125 2209 presbytero
1149 2126 1302 2211 eulogias,
1326 2126 1359 2191 id
1383 2132 1433 2192 est
1451 2149 1479 2189 ιε

241 2226 242 2229 ’
284 2233 323 2297 de
351 2232 494 2316 pomario
524 2232 626 2297 sancti
648 2232 799 2298 Iohannis
828 2232 995 2315 baptistae,
1025 2232 1174 2298 similiter
1196 2236 1229 2297 et
1252 2233 1291 2297 de
1314 2236 1432 2298 sanctis

283 2338 458 2416 monachis,
483 2339 538 2421 qui
560 2339 604 2404 ibi
624 2338 816 2404 monasteria
838 2338 998 2403 habebant
1014 2339 1047 2403 in
1069 2339 1140 2422 ipso
1163 2339 1253 2405 herto
1277 2340 1431 2421 pomario,

285 2448 316 2509 at
344 2446 462 2529 gratias
491 2464 615 2529 semper
637 2444 703 2510 Deo
733 2450 863 2529 agentes
890 2444 1025 2529 profecti
1052 2464 1163 2510 sumus
1191 2445 1253 2510 iter
1275 2449 1431 2525 nostrum,

284 2572 345 2634 quo
369 2553 504 2617 ibamus.

231 2656 274 2721 lb
327 2658 373 2723 Ac
402 2658 448 2723 sie
476 2678 550 2743 ergo
580 2678 639 2723 cun
642 2661 690 2723 tes
719 2658 902 2740 aliquandiu
931 2676 987 2740 per
1014 2658 1133 2722 uallem
1160 2656 1303 2723 Iordanis
1335 2676 1432 2741 super
1449 2682 1478 2723 ιο

282 2766 383 2849 ripam
406 2764 581 2829 fluminis
573 2766 686 2848 ipsius,
715 2765 791 2847 quia
812 2764 858 2829 ihi
880 2764 1021 2830 nohis't
994 2768 1056 2829 iter
1078 2766 1146 2829 erat
1168 2764 1362 2847 aliquandiu,
1391 2766 1431 2831 ad

167 2890 171 2898 ’
284 2871 371 2937 subit
357 2874 389 2935 to
404 2869 588 2936 uidimus
562 2870 640 2935 c1uit
627 2874 726 2935 tatem
742 2872 832 2935 sanct
832 2890 843 2933 r
834 2870 993 2953 'tprcphe
994 2889 1029 2934 ae
978 2870 1165 2947 tHeliae‚
1184 2869 1282 2933 idt
1232 2889 1266 2933 es
1268 2870 1431 2948 t,Thesbe

282 2977 365 3042 unde
389 2978 443 3042 ille
461 2976 574 3041 hahuit
560 2980 709 3042 tnomen
729 2977 839 3041 Helias
858 2976 993 3042 Thesbit
978 2980 1038 3041 t.es
1061 2976 1144 3041 lnibi
1164 2979 1216 3041 est
1233 2996 1307 3061 ergo
1327 2996 1431 3060 usque

282 3084 314 3148 in
332 3084 426 3149 hodie
446 3085 605 3168 spelunca,
624 3086 656 3147 in
673 3104 735 3167 qua
753 3083 838 3148 sedit
855 3085 925 3165 ipse
940 3087 1081 3161 sanctus,
1101 3087 1134 3149 et
1150 3083 1196 3148 ibi
1211 3087 1262 3147 est
1277 3084 1431 3148 memoria

253 3192 386 3256 2saucti
413 3189 544 3267 (lethae,
579 3190 669 3255 cuius
697 3208 811 3255 nomen
840 3189 872 3254 in
899 3190 990 3254 libris
1017 3189 1164 3255 Iudicum
1191 3190 1343 3274 legimus.
1382 3189 1430 3255 Ac
1447 3214 1475 3253 as

284 3298 329 3362 sic
363 3316 436 3381 ergo
471 3300 502 3362 et
537 3297 583 3361 ibi
620 3298 738 3381 gratias
772 3297 840 3362 Dec
877 3300 1007 3381 agentes
1046 3297 1135 3361 iuxta
1167 3296 1430 3361 consuetudinem

282 3402 495 3485 perexiuimus
518 3403 579 3467 iter
601 3406 756 3467 nestrum.
794 3404 876 3467 Item
900 3406 1012 3467 euntes
1035 3403 1068 3467 in
1092 3420 1128 3467 eo
1151 3401 1264 3467 itinere
1287 3402 1429 3467 uidimus
1549 3463 1550 3488 3

282 3507 398 3571 uallem
418 3507 455 3571 de
479 3508 607 3572 sinistre
626 3508 717 3573 nobis
737 3509 918 3573 uenientem
942 3508 1209 3583 amoenissimam,
1234 3528 1314 3590 quae
1333 3510 1429 3573 uallis
1549 3491 1550 3512 ¹

283 3615 350 3677 erat
376 3614 485 3697 ingens
514 3614 643 3678 mittens
672 3616 844 3679 torrentem
871 3614 903 3678 in
932 3613 1098 3678 Iordanem
1125 3613 1296 3693 infinitum,
1325 3618 1358 3679 et
1383 3614 1428 3679 ibi

281 3720 313 3784 in
341 3721 412 3804 ipsa
433 3719 517 3785 ualle
540 3720 681 3784 uidimus
704 3719 931 3785 monasterium
961 3720 1128 3786 cniusdam
1154 3720 1261 3785 fratris
1288 3740 1373 3787 nunc
1394 3720 1429 3785 id
1446 3746 1474 3785 se
1549 3711 1550 3736 ³

252 3829 332 3893 Scst
353 3826 508 3891 monachi.
532 3826 620 3891 'lunc
644 3844 713 3911 ego,
738 3828 870 3913 absum
894 3826 1309 3909 satis-cmissarequirere
1328 3828 1427 3910 coepi,
1548 3857 1549 3918 q

371 4015 701 4085 sael.1111ceg.17,1
759 4016 871 4071 251111.
894 4017 971 4080 12,“1

319 4142 432 4210 lgreco
451 4140 478 4193 A
551 4155 633 4209 capos
651 4140 678 4193 A
746 4141 774 4193 11
796 4157 827 4195 ac
846 4140 886 4195 sie
907 4140 1082 4195 Obolodnial·
1149 4143 1183 4196 27
1202 4141 1230 4195 in
1249 4159 1281 4197 eo
1300 4143 1330 4197 in
1349 4160 1381 4199 eo
1400 4148 1427 4199 A

281 4256 315 4311 28
334 4256 530 4309 amenissimum
550 4256 578 4308 A
632 4255 667 4309 30
685 4272 756 4309 nunc
775 4258 802 4310 A
821 4256 906 4310 nunni
927 4256 1104 4311 Cholodnicl·
1160 4224 1233 4327 31}
1258 4275 1319 4328 ege,
1342 4226 1429 4330 sod}
1547 4275 1548 4300 1

281 4345 396 4399 deletum
414 4350 453 4399 cat
471 4345 497 4397 A
