3125 4942
264 435 329 499 218
557 429 717 485 itinera.
744 429 1124 502 Hierosolymitana

219 623 260 686 47
307 625 385 691 Inde
408 626 557 690 exeuntes
581 625 727 690 uenimus
750 623 921 688 Antiochia
942 624 1071 701 maiore,
1095 625 1127 688 in
1156 644 1220 706 qua
1245 626 1418 707 requiescit

262 735 393 796 sanetus
404 731 608 815 B<ab>yllas
624 731 795 813 episcopus
809 735 843 793 et
856 735 921 796 tres
936 731 1061 814 paruuli
1076 735 1109 795 et
1123 736 1235 796 saneta
1247 732 1374 798 Iustina
1385 740 1418 797 et

262 841 392 904 sanetus
409 839 553 904 Iulianus
573 843 606 904 et
623 839 736 904 iratres
755 838 932 916 Machaboi‚
947 838 1008 904 hoo
1027 843 1078 904 est
1095 842 1220 921 septem
1238 840 1417 922 sepulchra,

262 951 295 1011 et
332 965 427 1030 snper
463 945 717 1029 uniuscuiusque
755 946 962 1028 sepulchrum
994 946 1115 1028 scripta
1146 950 1223 1012 sunt
1252 947 1418 1030 passiones

261 1053 400 1120 illorum.
434 1051 552 1117 Exinde
577 1053 800 1119 descendimus
822 1053 1090 1137 Mesopotamiam
1112 1053 1145 1117 in
1170 1053 1301 1119 ciuitate
1326 1053 1417 1120 Chal·
1447 1075 1458 1114 s

263 1159 342 1224 oida.
379 1159 456 1223 Inde
484 1160 631 1225 uenimus
656 1157 783 1237 Cornan,
806 1159 863 1224 ubi
890 1163 986 1225 natus
1010 1159 1074 1224 fuit
1093 1159 1266 1238 Abraham,
1290 1165 1324 1226 et
1344 1160 1417 1225 inde

261 1265 411 1332 uenimus
434 1263 466 1331 in
491 1265 621 1330 oinitate
640 1265 842 1341 Barbarisso;
866 1265 911 1330 ibi
933 1265 1107 1347 requiescit
1130 1270 1260 1331 sanetus
1278 1267 1416 1345 Bathos,

262 1373 358 1438 frater
382 1372 484 1438 saneti
509 1371 642 1457 Giorgii.
666 1371 743 1437 Inde
767 1372 914 1437 uenimus
937 1372 970 1437 in
994 1372 1125 1437 ciuitate
1144 1371 1257 1452 Suren',
1275 1393 1333 1456 per
1355 1393 1417 1456 qna

261 1479 367 1544 media
405 1479 537 1545 eiuitate
575 1477 740 1545 deseendit
775 1478 896 1544 fluuius
927 1479 1088 1557 Eufrates,
1120 1479 1176 1562 qui
1211 1479 1330 1544 ibidem
1362 1499 1417 1563 per

263 1588 358 1668 ponte
385 1585 548 1650 transitur.
585 1585 621 1649 In
649 1585 720 1667 ipsa
747 1584 879 1650 oiuitate
906 1585 994 1668 passi
1018 1589 1094 1650 snut
1117 1588 1246 1651 sanetus
1270 1586 1416 1652 Bacchus
1435 1610 1458 1648 ιο

264 1696 296 1756 et
325 1693 453 1757 sanetus
479 1690 647 1776 Georgius.
686 1691 748 1756 Sed
776 1695 907 1757 sanetus
932 1689 1090 1775 Georgius
1116 1692 1150 1756 in
1179 1691 1309 1757 ciuitate
1333 1692 1414 1776 Tyro

263 1798 443 1880 requiescit.

219 1903 260 1968 48
307 1905 395 1970 Tune
423 1924 480 1988 per
505 1907 596 1970 tanta
623 1905 656 1970 et
682 1903 761 1968 talia
786 1903 929 1968 uidimus
955 1903 1027 1968 loce
1053 1903 1084 1968 in
1112 1903 1277 1969 miraculis
1300 1903 1415 1986 posita.

262 2011 396 2077 Reuersi
418 2013 493 2095 post
514 2030 572 2076 nos
596 2011 777 2094 permulta
800 2010 942 2086 castella,
966 2029 1023 2093 per
1045 2011 1178 2094 plateas,
1197 2011 1300 2089 uicos,
1319 2010 1415 2075 uillas
1545 2046 1546 2105 3

263 2117 315 2182 nel
331 2117 491 2194 ciuitates,
506 2116 633 2200 fatigati
648 2135 684 2182 ex
697 2119 762 2180 tam
776 2116 873 2201 longo
889 2116 1011 2194 itinere,
1022 2115 1185 2198 coepimus
1199 2115 1261 2182 iter
1274 2135 1415 2200 carpere3
1433 2140 1457 2182 rs

263 2225 463 2288 transeuntes
495 2242 581 2287 mare
609 2221 757 2288 uenimus
785 2223 912 2288 Italiam
939 2223 1098 2306 propriam
1125 2223 1299 2308 regionem,
1327 2223 1416 2288 adiu·

263 2333 360 2394 naute
388 2329 515 2395 domino
544 2333 652 2394 nostro
681 2331 756 2394 Iesu
785 2327 923 2406 Christo,
950 2347 1006 2411 pro
1036 2330 1127 2394 euius
1155 2348 1261 2395 amore
1289 2329 1328 2394 ab
1356 2329 1416 2393 heo

262 2436 334 2501 loca
361 2436 481 2520 egressi
507 2435 674 2520 prouidere
700 2435 821 2501 inimus
849 2440 914 2500 tam
948 2455 1006 2501 sua
1037 2436 1204 2515 mirabilia,
1233 2455 1314 2519 quae
1345 2436 1416 2518 ipse
1544 2524 1545 2527 Ἴ

262 2543 344 2607 iuter
375 2541 518 2607 homines
551 2541 698 2606 habitans
730 2541 817 2618 feeit,
841 2546 874 2607 et
905 2541 1070 2607 beatorum
1102 2541 1330 2625 apostolorum,
1363 2541 1417 2606 nel

265 2668 347 2732 quae
370 2652 441 2714 ante
464 2651 591 2733 tempus
614 2649 840 2714 incarnationis
864 2668 941 2714 suae
960 2668 996 2713 er
1014 2649 1137 2732 uirgine
1157 2651 1322 2732 assumpta
1340 2649 1416 2713 olim
1429 2675 1455 2715 ro

266 2775 321 2840 per
356 2756 551 2839 patriarchas
590 2759 622 2819 et
657 2755 827 2839 prophetas
871 2773 948 2820 suos
984 2755 1103 2821 fecerat
1139 2756 1231 2821 Iesus
1269 2754 1416 2820 Christus

268 2863 415 2928 domiuus
439 2865 555 2928 noster.
580 2861 733 2928 Viuentes
758 2864 891 2926 ouantes
910 2863 1058 2927 uenimus
1075 2860 1272 2926 Placentiam
1291 2861 1419 2945 propria

266 2969 398 3034 ciuitate
426 2971 543 3047 nostra,
573 2968 678 3052 posite
706 2988 802 3050 super
828 2968 938 3047 fluuio,
968 2968 1022 3052 qni
1051 2968 1168 3033 dieitur
1194 2967 1313 3047 Padus,
1336 2967 1418 3032 infre

265 3077 330 3140 iam
353 3074 438 3141 diota
459 3075 562 3140 Italia.

310 3215 505 3282 EXPLICIT
528 3215 758 3281 FELICITER.
783 3215 916 3280 AMEN.
1434 3239 1457 3278 a

305 3407 335 3460 ll
356 3409 418 3476 tyra
435 3407 479 3462 Br
525 3406 558 3462 15
577 3407 641 3476 iter]
661 3407 703 3461 iia
722 3407 763 3460 Br
815 3407 848 3460 16
867 3406 1014 3476 regionem.
1033 3404 1191 3461 Adiuuarrte
1208 3405 1252 3460 Br
1300 3407 1337 3462 23
1357 3423 1416 3477 per·

270 3495 320 3550 dns
338 3494 382 3550 Br
