3125 4942
267 436 308 501 88
566 434 722 489 Itinera
748 434 1125 505 Hierosolymitana

127 619 193 710 [67]
213 624 256 689 at
311 628 391 693 Post
413 629 473 693 hoo
498 646 572 713 ergo
595 629 695 694 missa
715 628 719 715 Ι
739 630 825 694 faeta
848 629 887 694 de
912 630 1022 709 Cruoe,
1045 631 1078 695 id
1103 634 1153 697 est
1175 634 1346 715 antequam
1369 636 1418 699 sol

266 734 426 817 procedat,
460 738 570 801 statim
597 737 818 819 unusquisque
846 738 983 803 animosi
1011 738 1129 803 uadent
1156 740 1188 803 in
1216 738 1301 822 Syon
1330 758 1417 805 orare

267 842 307 905 ad
335 842 513 907 columnam
540 842 639 921 illam,
668 844 708 908 ad
732 863 828 925 quam
854 844 1037 927 flagellatus
1061 849 1111 910 est
1132 846 1299 911 Dominus.
1341 846 1417 911 Inde

266 950 387 1014 reuersi
414 949 526 1013 sedent
553 950 677 1015 modice
705 950 738 1013 in
765 949 914 1015 domibus
942 951 1010 1016 suis
1039 954 1071 1017 et
1098 953 1208 1018 statim
1231 954 1294 1017 toti
1314 954 1414 1036 parat'

267 1057 349 1121 sunt.
395 1056 437 1119 Et
474 1056 520 1119 sic
557 1055 686 1139 ponitur
719 1056 870 1121 cathedra
902 1058 1051 1141 episcopo
1084 1059 1115 1122 in
1150 1059 1313 1144 Golgotha
1342 1064 1417 1141 post
1447 1084 1460 1123 ε»
1547 1083 1548 1098 ¹

267 1160 410 1240 Crucem,
431 1181 511 1244 quae
531 1165 597 1226 stat
613 1181 707 1241 nuno,
726 1161 846 1226 residet
863 1163 1033 1247 episcopus
1055 1166 1087 1228 in
1112 1166 1271 1244 cathedra,
1289 1167 1418 1249 ponitur

267 1272 434 1332 antaeum
457 1287 568 1333 mensa
591 1269 794 1347 sublinteata,
818 1272 905 1334 stant
929 1270 961 1335 in
985 1271 1054 1355 giro
1077 1290 1188 1336 mensa
1214 1271 1361 1337 diacones
1386 1278 1418 1337 et

266 1374 397 1439 affertur
409 1375 536 1440 loculus
551 1380 721 1459 argenteus
736 1375 917 1453 deauratus,
931 1376 964 1440 in
979 1396 1041 1459 quo
1059 1381 1110 1443 est
1126 1379 1252 1461 lignum
1271 1384 1417 1444 sanctum

267 1482 380 1557 crucia,
413 1481 554 1563 aperitur
581 1486 614 1546 et
639 1483 808 1565 profertur,
840 1484 970 1565 ponitur
996 1484 1028 1549 in
1055 1503 1167 1550 mensa
1192 1490 1260 1551 tam
1291 1486 1415 1570 lignum

235 1585 370 1654 2cruois
404 1608 497 1670 quam
531 1590 657 1655 titulus.
704 1590 786 1655 Cum
818 1609 893 1674 ergo
930 1592 1071 1673 positum
1103 1592 1202 1657 suerit
1231 1593 1263 1657 in
1296 1614 1415 1671 mensa,
1434 1620 1461 1660 ro

267 1696 435 1779 episcopus
460 1696 573 1761 sedens
598 1696 635 1761 de
659 1698 806 1762 manibus
831 1698 898 1762 suis
918 1700 1121 1763 summitates
1140 1699 1179 1764 de
1196 1700 1285 1783 ligno
1306 1705 1415 1767 sancto

265 1806 397 1885 premet,
431 1800 577 1867 diacones
610 1805 728 1881 autem,
762 1804 816 1886 qui
844 1803 877 1869 in
907 1805 975 1889 giro
999 1810 1095 1884 stant,
1120 1807 1299 1872 custodent.
1345 1806 1415 1871 Hoc

266 1912 374 1973 autem
396 1912 564 1991 propterea
587 1908 633 1973 sic
657 1909 848 1990 custoditur,
873 1913 948 1996 quia
972 1914 1169 1979 consuetudo
1193 1917 1254 1991 est,
1272 1918 1310 1979 ut
1333 1932 1415 1979 unus

265 2020 298 2079 et
316 2034 399 2080 unus
420 2016 522 2081 omnis
541 2018 680 2099 populus
698 2018 842 2096 ueniens,
861 2022 926 2083 tam
945 2019 1056 2084 fideles
1075 2038 1170 2102 quam
1190 2020 1415 2094 cathecumini‚

266 2122 457 2186 acclinantes
495 2140 529 2186 se
567 2122 606 2187 ad
643 2142 787 2189 mensam
829 2129 1014 2190 osculentur
1048 2131 1195 2191 sanctum
1225 2126 1350 2210 lignum
1383 2130 1417 2191 et
1435 2154 1460 2192 rs

264 2232 490 2311 pertranseant.
513 2230 555 2293 Et
578 2231 727 2313 quoniam
751 2232 858 2297 nescio
878 2234 1006 2316 quando
1023 2234 1140 2299 dieitur
1157 2234 1285 2317 quidam
1307 2231 1416 2299 ¹{inisse

264 2354 406 2401 morsum
431 2340 463 2401 et
485 2337 607 2401 furasse
632 2337 670 2401 de
699 2340 808 2403 saneto
835 2337 934 2424 ligno,
961 2340 1033 2406 ideo
1061 2359 1145 2404 nuno
1173 2360 1192 2405 a
1219 2340 1415 2416 diaconibus,

266 2443 374 2525 quiin
397 2444 465 2527 giro
490 2446 585 2521 stant,
610 2443 657 2508 sic
682 2444 871 2525 custoditur,
895 2466 935 2511 ne
954 2447 1009 2529 qui
1027 2448 1157 2511 ueniens
1176 2448 1293 2512 audeat
1311 2447 1415 2513 denuo

234 2546 312 2615 3sic
339 2550 450 2616 facere.
492 2550 539 2614 Ac
567 2550 612 2615 sic
642 2570 717 2634 ergo
746 2551 849 2617 omnis
872 2554 1011 2636 populus
1033 2554 1148 2618 transit
1170 2573 1253 2619 unus
1277 2557 1309 2619 et
1331 2573 1414 2618 unus

250 2657 326 2735 ¹toti
349 2656 539 2722 acclinantes
564 2676 608 2733 se,
632 2658 770 2740 primum
796 2658 835 2722 de
857 2659 971 2736 fronte,
996 2660 1043 2725 sio
1066 2660 1104 2724 de
1123 2661 1226 2725 oculis
1248 2663 1414 2745 tangentes
1433 2690 1460 2730 zo
1547 2703 1548 2714 κ

265 2782 389 2830 erucem
423 2768 456 2830 et
486 2764 629 2843 titulum,
666 2768 699 2830 et
731 2765 777 2831 sic
810 2767 991 2831 osculantes
1023 2785 1150 2832 crucem
1181 2770 1414 2851 pertranseunt,

263 2888 393 2934 manum
428 2872 536 2935 autem
568 2890 658 2935 nemo
692 2870 795 2936 mittit
826 2871 865 2936 ad
897 2872 1100 2957 tangendum.
1147 2873 1192 2938 At
1222 2874 1278 2938 ubi
1306 2878 1413 2939 autem

265 2976 400 3041 osculati
423 2977 541 3042 fuerint
559 2995 685 3042 crucem
699 2981 776 3051 <et>
794 2980 1042 3062 pertransierint,
1062 2982 1128 3045 stat
1145 2979 1309 3056 diaconus,
1328 2984 1416 3045 tenet

264 3084 395 3147 anulum
420 3082 598 3149 Salomonis
623 3087 655 3148 et
683 3103 779 3151 cornu
802 3086 894 3163 illud,
919 3086 957 3151 de
981 3106 1042 3169 quo
1066 3106 1158 3171 reges
1181 3086 1414 3170 unguebantur.

264 3188 458 3255 Osculantur
482 3196 514 3255 et
537 3210 645 3273 cornu,
670 3192 840 3257 attendunt
862 3196 895 3257 et
917 3194 1049 3257 anulum

1235 3300 1342 3365 minus
1366 3318 1415 3364 se-

264 3402 367 3467 cunda
973 3424 1074 3488 usque
1098 3407 1137 3470 ad
1160 3407 1271 3471 horam
1294 3411 1415 3472 sextam

264 3508 366 3571 omnis
389 3508 529 3591 populus
552 3508 676 3589 transit,
699 3529 878 3593 perunum
903 3511 1022 3577 ostium
1045 3512 1176 3592 intrans,
1199 3532 1257 3595 per
1278 3514 1416 3578 alterum

300 3786 434 3855 dquam]
455 3803 534 3855 quem
552 3788 580 3841 A
672 3788 798 3859 lingiro
817 3792 845 3844 A
937 3791 970 3846 12
990 3792 1162 3860 custodeant,
1179 3793 1228 3847 aad
1245 3810 1262 3848 a
1280 3794 1368 3849 delae
1386 3796 1414 3849 A

266 3875 298 3928 15
318 3874 453 3929 aeclinant
470 3878 498 3928 A
517 3877 683 3932 acclinantes
701 3878 801 3948 scripsi
892 3880 923 3934 17
943 3879 1062 3936 iurasset
1079 3882 1107 3934 A
1125 3880 1229 3935 furasse
1247 3881 1282 3936 dc
1299 3884 1416 3952 sempsit

262 3989 334 4044 idam
360 3992 430 4045 coni.
456 3990 660 4063 Pomr‘olowalcy
750 3996 783 4049 21
810 3962 1002 4065 pertranseant
1026 3998 1053 4049 A
1144 3998 1179 4052 23
1205 4002 1234 4051 et
1261 4004 1327 4054 cate
1351 4016 1416 4069 per-

263 4078 423 4131 transierint
440 4079 499 4148 e'pce
517 4080 618 4135 addidi
726 4084 761 4137 25
785 4084 931 4140 attendunt
953 4090 986 4138 ur
1007 4086 1121 4139 uidctm
1138 4102 1172 4140 ea
1190 4086 1336 4141 attendent
1354 4104 1415 4143 ocr-

262 4173 364 4221 reetum
382 4170 411 4221 A
483 4173 511 4224 et
529 4172 671 4241 attingunt
689 4188 772 4226 cornu
794 4172 977 4229 Olrolodm'alc.
1064 4174 1212 4231 coemam
1229 4178 1271 4231 sic
1287 4178 1417 4247 mpplere

263 4261 382 4309 conatur
403 4256 592 4313 Gholcdniut:
610 4260 649 4314 Ac
669 4261 708 4314 sic
727 4276 792 4331 crgo
812 4262 846 4315 de
864 4262 931 4317 hora
949 4265 1011 4334 plus
1029 4265 1117 4319 minus
1136 4265 1254 4320 secunda
1316 4268 1353 4321 26
1371 4282 1415 4322 ae·

264 4344 353 4399 cunda
372 4345 440 4400 feria
458 4349 493 4413 A,
512 4348 561 4402 aad
578 4348 646 4403 feria
665 4348 782 4405 deletum
800 4356 840 4405 eat
