3125 4942
249 425 314 488 208
544 421 702 475 Itinera
727 420 1103 492 Hierosolymitana

247 636 364 696 morea,
389 618 421 681 in
441 636 504 699 qua
524 617 680 682 Dominus
698 617 788 700 prius
808 617 983 682 ducebatur
1001 617 1040 681 ad
1057 617 1290 701 flagellandum.
1310 616 1396 697 Quae

247 724 374 808 fugiens
402 724 510 789 leuata
537 726 588 789 est
610 724 649 788 ad
672 724 772 788 nubes
797 726 829 789 et
852 724 997 807 deposita
1019 725 1050 788 in
1073 724 1143 807 ipso
1166 724 1249 792 loeo.
1288 726 1330 790 ut
1351 726 1397 791 ita

247 830 280 894 in
298 834 423 897 tantum
443 831 645 915 cognoscitur
663 849 775 895 uemm
796 831 966 913 coaequis
984 849 1044 895 non
1059 831 1156 896 babet
1171 832 1324 910 basidem,
1341 832 1396 897 ubi

248 938 343 1004 debet
360 956 430 1004 esse
443 937 585 1003 fundata.
601 936 664 1002 Sed
678 936 724 1001 sic
739 940 805 1002 stat
818 954 943 1020 semper
962 940 1184 1020 superterram
1201 942 1233 1003 et
1247 939 1396 1023 agitatur.

247 1045 282 1109 In
307 1045 398 1109 cuius
422 1044 608 1109 summitate
631 1062 706 1109 orus
724 1045 825 1109 ferrea
842 1044 947 1127 posita
970 1048 1021 1109 est
1040 1047 1071 1109 et
1090 1062 1215 1110 sursum
1236 1064 1293 1129 per
1311 1046 1397 1111 scala
1426 1070 1438 1111 o

248 1150 430 1217 ascenditur
457 1155 490 1216 et
517 1150 597 1215 fiunt
623 1150 669 1216 ibi
697 1151 863 1215 luminaria
890 1153 924 1216 et
949 1151 1114 1216 incensum
1143 1155 1176 1216 et
1202 1151 1397 1217 daemoniaci

246 1258 292 1323 ibi
319 1258 522 1322 mundantur.
554 1256 636 1322 Nam
668 1261 701 1322 et
730 1258 763 1321 iu
796 1257 867 1340 ipsa
897 1257 1061 1340 prouincia
1092 1256 1205 1323 beatus
1239 1258 1396 1344 Georgius

247 1367 373 1448 martyr.

194 1477 236 1540 26
291 1472 403 1555 Itaque
427 1474 575 1536 exeuntes
600 1488 618 1535 a
641 1470 737 1554 Syloa
757 1472 846 1535 fonte
869 1470 1016 1535 uenimus
1039 1470 1071 1535 in
1096 1490 1218 1555 agrum,
1239 1472 1292 1553 qui
1313 1490 1397 1537 eom-

246 1582 374 1661 paratus
402 1582 453 1643 est
480 1578 517 1642 de
544 1577 650 1660 precio
683 1577 846 1661 sauguinis
869 1577 1008 1656 Domini,
1037 1578 1092 1660 qui
1124 1582 1259 1643 uocatur
1284 1578 1397 1643 Achel-
1415 1604 1440 1644 ro
1538 1632 1539 1659 Ξ

247 1684 389 1761 demach,
416 1684 477 1749 hoc
506 1689 556 1748 est
583 1703 659 1767 ager
690 1684 866 1767 sauguinis,
894 1684 927 1748 iu
960 1702 1022 1766 quo
1055 1684 1253 1767 sepeliuntur
1286 1704 1395 1750 omnes

245 1793 411 1877 peregrini,
441 1796 473 1856 et
499 1790 581 1873 inter
606 1792 678 1874 ipsa
704 1792 873 1874 sepulchra
900 1792 1034 1856 cellulae
1062 1810 1226 1857 seruorum
1255 1790 1316 1869 dei,
1341 1792 1397 1856 ubi

244 1899 326 1963 fiunt
350 1899 471 1963 multae
498 1897 648 1963 uirtutes.
685 1898 727 1962 Et
752 1917 809 1980 per
835 1898 906 1962 loca
932 1898 1014 1963 infra
1036 1898 1106 1981 ipsa
1129 1898 1298 1981 sepulchra
1322 1904 1397 1964 eunt

245 2007 357 2070 uineae
381 2009 413 2069 et
435 2024 539 2088 poma.

192 2117 233 2181 27
289 2112 537 2177 Reuertentibus
560 2112 652 2177 nobis
675 2110 707 2175 in
727 2112 891 2177 ciuitatem
910 2110 1058 2176 uenimus
1077 2111 1116 2175 ad
1134 2112 1290 2194 piscinam
1308 2116 1397 2178 nata·
1416 2136 1440 2179 ra

244 2220 336 2297 toria,
352 2238 433 2301 quae
452 2219 590 2302 quinque
608 2218 751 2300 porticus
769 2217 879 2293 habet3
898 2221 929 2282 et
948 2219 979 2283 in
995 2236 1056 2283 uno
1073 2238 1179 2283 aarum
1194 2223 1245 2283 est
1263 2219 1398 2285 basilica

246 2328 373 2391 sanctae
397 2326 526 2402 Mariae,
550 2325 605 2389 ubi
633 2325 752 2388 multae
780 2323 861 2388 fiunt
888 2324 1033 2389 uirtutes.
1071 2324 1145 2408 Ipse
1171 2344 1247 2390 uero
1275 2325 1398 2408 piscina

247 2432 340 2497 modo
372 2432 490 2496 iactata
521 2434 572 2495 est
601 2432 635 2494 in
664 2434 811 2496 stercore.
854 2430 895 2495 Et
922 2430 967 2495 ibi
993 2431 1143 2497 leuantur
1170 2432 1286 2510 omnia,
1316 2451 1396 2516 quae

246 2539 424 2604 necessaria
451 2542 534 2603 suut.
565 2537 714 2602 Vidimus
743 2542 776 2602 et
802 2538 834 2602 in
862 2556 925 2602 uno
950 2539 1067 2621 angulo
1095 2538 1262 2603 tenebroso
1287 2544 1398 2603 catena

246 2646 357 2723 ferrea,
385 2663 458 2709 cum
486 2662 549 2726 qua
575 2662 610 2708 se
635 2644 799 2727 laqueauit
825 2644 933 2709 infelix
958 2644 1064 2709 Iudas.
1105 2644 1186 2710 Item
1210 2646 1396 2710 exeuntibus
1415 2670 1441 2711 so
1541 2714 1542 2733 1

246 2752 338 2817 nobis
358 2755 484 2834 sporta
502 2752 601 2815 iorem
618 2752 764 2816 uenimus
790 2751 829 2815 ad
851 2753 969 2830 locum,
993 2750 1049 2815 ubi
1071 2750 1244 2833 requiescit
1267 2756 1396 2817 sanctus

247 2860 386 2924 Ysicius.
410 2859 460 2923 Ibi
483 2859 577 2923 etiarn
602 2862 771 2941 erogantur
792 2858 984 2942 pauperibus
1003 2876 1111 2940 panes,
1130 2876 1210 2940 quos
1230 2857 1399 2940 deputauit

249 2967 341 3030 beata
363 2966 494 3029 Helena.

197 3076 239 3140 28
294 3072 364 3149 Via,
396 3091 477 3153 quae
510 3070 599 3136 ducit
630 3072 806 3147 Bethleem,
835 3072 969 3136 miliario
1002 3071 1096 3135 tertio
1130 3072 1168 3135 ab
1197 3070 1397 3134 Hierusalem

249 3180 332 3243 iacet
358 3178 477 3242 Rachel
504 3198 581 3243 uxor
602 3179 708 3255 Iacob,
731 3181 835 3242 mater
861 3178 985 3243 scilicet
1007 3176 1133 3260 Ioseph.
1171 3176 1213 3241 loc
1235 3175 1399 3240 Beniamin
1418 3198 1444 3239 so

249 3287 332 3349 iacet
353 3284 386 3349 iu
407 3284 525 3349 finibus
548 3284 657 3350 Rama.
689 3284 725 3349 In
748 3284 819 3367 ipso
842 3284 912 3349 loco
936 3284 967 3348 in
990 3283 1171 3348 medianis
1194 3282 1261 3346 uidi
1285 3302 1400 3366 aquam

251 3412 389 3476 surgere,
413 3391 502 3473 quasi
531 3392 683 3455 sextarios
711 3392 844 3472 septem.
874 3389 964 3456 Unde
989 3391 1150 3473 complent
1174 3408 1282 3454 omnes
1307 3390 1401 3454 satie·

250 3503 350 3564 tatem
373 3498 511 3575 bibendi,
532 3500 564 3562 et
586 3516 644 3563 nec
666 3497 821 3562 minuitur
844 3516 901 3561 nec
925 3500 1068 3579 augetur.
1093 3496 1134 3560 ut
1154 3498 1203 3560 est
1227 3496 1338 3560 suauis
1363 3496 1401 3561 ad

251 3606 434 3688 potandum.
460 3606 502 3669 Et
525 3606 643 3680 dicunt,
668 3604 753 3687 quod
774 3605 902 3689 fugiens
925 3604 1019 3669 beata
1041 3603 1141 3669 Maria
1163 3604 1194 3667 in
1219 3604 1402 3687 Aegyptum

290 3795 359 3849 lad
377 3812 457 3865 quam
475 3794 503 3847 Β
557 3794 704 3848 docebatur
721 3795 764 3848 Br
805 3794 881 3848 aim
898 3809 949 3847 om.
969 3794 997 3847 Β
1033 3794 1185 3848 3basitem
1204 3792 1248 3845 Br
1267 3791 1355 3845 basim
1376 3791 1402 3845 B

252 3884 450 3939 ubi—fundata
468 3899 520 3938 om.
535 3883 563 3936 Β
617 3882 726 3938 5ferea
744 3882 772 3935 Β
825 3900 930 3937 rursum
950 3882 993 3936 Br
1046 3882 1146 3936 scalam
1161 3880 1188 3933 Β
1239 3882 1304 3935 det
1322 3880 1401 3949 liunt]

254 3972 349 4027 efflant
367 3972 395 4025 B
448 3972 509 4041 9a]
529 3972 563 4025 de
581 3971 608 4024 Β
660 3972 693 4025 10
711 3970 745 4025 da
763 3988 816 4028 om.
835 3972 862 4025 Β
939 3970 1080 4040 sanguinis
1104 3986 1155 4025 om.
1276 3968 1403 4021 achelde-

253 4079 312 4116 mac
330 4062 358 4115 Β
396 4063 429 4116 13
448 4065 512 4115 sunt
529 4078 580 4117 om.
600 4061 628 4114 Β
670 4063 702 4116 15
721 4061 801 4115 uobis
820 4078 870 4115 om.
890 4061 917 4113 B
971 4060 1134 4115 natatoriam
1225 4058 1256 4111 17
1276 4056 1357 4110 multi
1376 4057 1404 4111 Β

253 4151 312 4219 ipse
331 4150 375 4205 Br
465 4152 497 4203 19
517 4154 641 4204 catenam
660 4150 773 4204 ferream
793 4150 820 4203 Β
915 4150 1115 4218 201aqueauer
1164 4146 1242 4201 iudas
1261 4145 1356 4199 infelix
1376 4146 1404 4201 Β

253 4240 392 4295 aliorum
411 4239 438 4292 B
493 4241 527 4293 22
546 4240 645 4307 ysitius
663 4244 687 4293 B
744 4240 780 4293 24
799 4238 955 4293 bethlehem
973 4238 1001 4291 Β
1054 4238 1089 4291 26
1108 4236 1191 4305 iacet]
1209 4234 1358 4305 requiescit
1377 4234 1404 4287 Β

254 4330 288 4382 27
308 4328 342 4381 ad
361 4330 518 4381 satietatem
539 4328 565 4380 Β
