3125 4942
288 407 442 474 XXXIIII
754 407 971 466 Praelatio.

287 605 310 668 t.
335 603 379 668 IV
403 621 541 687 prooem.
564 623 594 686 p.
618 601 706 680 VIII,
733 603 882 670 foliorum
911 604 964 682 82,
992 623 1073 686 quae
1100 604 1228 690 singula
1250 610 1328 672 suut
1347 607 1433 676 uice·
1553 684 1554 687 ¹

288 730 398 776 norum
423 728 570 776 senorum
593 729 756 776 uersuum.
785 709 880 774 Liber
906 715 1031 776 constat
1057 729 1094 778 ex
1120 711 1224 778 tribue
1246 713 1434 795 partibusa

282 817 422 884 diuersis
437 817 588 882 manibus
606 815 744 898 scriptis,
759 835 893 898 quarum
907 816 1009 899 prima
1024 817 1166 882 continet
1176 818 1344 886 Arcullum
1361 820 1433 886 eine
1553 816 1554 899 ᾗ

283 923 504 990 adamnanum
539 922 625 988 foliis
665 923 788 998 1--23;
827 922 924 988 codex
955 927 1063 990 autem
1095 928 1145 990 est
1180 926 1325 1004 mutilus,
1357 945 1433 994 cum

285 1033 424 1115 quinque
451 1030 528 1095 folia
555 1047 638 1096 0000
666 1028 893 1096 desiderentur.
921 1029 969 1094 De
996 1029 1097 1111 primo
1121 1029 1204 1095 euim
1228 1033 1432 1113 quaternione
1553 1048 1554 1099 1

283 1138 421 1220 primum
446 1140 480 1202 et
501 1136 650 1202 ultimum
673 1135 798 1212 folium,
824 1138 840 1200 1
867 1139 899 1200 et
924 1137 955 1211 3,
979 1136 1104 1202 abscisa
1127 1140 1210 1214 suat,
1233 1137 1431 1222 11001010-
1553 1118 1554 1145 ³

283 1245 378 1326 lngus
398 1263 470 1308 cum
489 1245 578 1324 parte
597 1242 836 1325 capitulationis
850 1241 1057 1308 desideretur.
1071 1242 1189 1324 IucipIt
1205 1243 1261 1312 fol.
1276 1246 1429 1327 primum:
1553 1250 1554 1321 1

281 1348 333 1414 Dc
365 1349 475 1414 lancea
505 1349 617 1414 miletis
648 1369 679 1433 p.
708 1351 783 1424 222,
815 1350 854 1413 11
885 1353 918 1414 et
943 1349 1059 1415 lacuna
1086 1352 1190 1414 exstat
1216 1370 1234 1416 a
1261 1353 1368 1418 uerbis
1391 1353 1432 1419 de
1553 1354 1554 1357 ’

280 1455 442 1538 0000101110
470 1455 589 1520 domiai
616 1477 647 1538 p.
677 1457 753 1533 236,
778 1456 799 1520 4
822 1474 924 1537 usque
952 1455 991 1520 ad
1019 1477 1050 1539 p.
1074 1457 1151 1533 237,
1174 1458 1228 1536 24,
1252 1459 1308 1524 ubi
1330 1459 1428 1526 ceder

281 1565 384 1630 denuo
407 1563 521 1644 incipit
542 1561 624 1627 011011
642 1567 762 1644 partes.
786 1561 838 1626 Ad
859 1562 973 1627 folium
997 1566 1121 1628 eertum
1150 1563 1245 1630 huius
1269 1567 1427 1646 quaterni-

281 1672 350 1736 onis
374 1671 455 1736 faleo
479 1670 542 1735 duo
565 1670 643 1734 folia
666 1668 795 1733 sordida
817 1671 850 1734 et
872 1669 1032 1734 maculata
1058 1669 1259 1754 agglutinata
1285 1675 1370 1748 sunt,
1393 1675 1426 1738 10
1553 1738 1554 1747 ,

280 1779 395 1862 quibua
429 1777 582 1860 scriptum
615 1779 665 1842 est
696 1795 726 1858 p.
760 1777 837 1853 277,,
870 1777 890 1839 6
921 1773 1013 1840 Haec
1042 1775 1177 1855 pulchra
1205 1813 1251 1824 -·
1281 1776 1428 1844 incidunt

278 1908 309 1969 p.
339 1886 413 1961 279,
446 1886 486 1948 10
516 1886 548 1948 et
576 1903 605 1966 p.
630 1884 705 1962 287,
732 1885 751 1946 2
776 1883 904 1962 c'reqaom
928 1881 1138 1946 taatremmodo
1161 1919 1204 1930 -
1227 1884 1264 1947 ia
1285 1887 1426 1964 quadam
1553 1904 1554 1913 ¹

278 1993 372 2056 doma
400 2011 431 2074 p.
460 1991 535 2068 288,
568 1991 619 2056 16.
647 1989 855 2053 Desideratur
881 2007 974 2070 porro
1002 1988 1126 2064 folium,
1150 1989 1181 2054 in
1209 2009 1270 2072 qno
1299 1997 1427 2058 exarata

277 2102 375 2179 erant,
399 2117 479 2180 quae
502 2097 653 2180 leguntur
675 2115 705 2178 p.
731 2096 808 2171 275,
827 2096 847 2158 4
872 2131 916 2140 -
939 2098 1043 2175 compl
1059 2095 1227 2176 planitiem
1244 2115 1275 2179 p.
1295 2099 1371 2175 277,
1391 2101 1422 2165 3.

276 2205 487 2286 Deperierunt
516 2207 677 2286 praeterea
709 2206 860 2283 quattuor
890 2202 967 2266 folia
999 2203 1149 2267 continua
1176 2222 1194 2267 a
1221 2221 1251 2284 p.
1280 2205 1356 2280 279,
1382 2208 1424 2270 10
1553 2260 1554 2265 ,

275 2315 332 2375 aad
358 2331 397 2374 ae
423 2309 570 2374 0000111011
596 2346 639 2355 -
667 2309 702 2371 la
730 2309 827 2371 ternis
854 2328 892 2390 p·
912 2309 988 2384 287,
1014 2311 1043 2372 2.
1068 2309 1234 2374 Arcullum
1263 2311 1425 2394 excipiunt

273 2419 396 2488 10129
421 2421 454 2481 et
475 2417 518 2479 30
543 2435 654 2480 uersus
679 2414 826 2479 Venantii
849 2415 1015 2480 Fortunati
1033 2415 1110 2480 VIII
1128 2417 1159 2490 3,
1179 2418 1344 2495 93-178,
1363 2419 1419 2501 qui

272 2525 357 2588 idam
385 2522 566 2589 exstantia
596 2522 703 2586 codice
736 2521 895 2598 ’101101οο,
929 2526 1105 2605 sequuntur
1137 2523 1251 2587 deinde
1283 2524 1439 2600 carmina,
1553 2512 1554 2545 ³

272 2629 664 2704 700009110132-58,
690 2629 845 2712 opuscula
872 2629 1026 2710 quaedam
1052 2628 1232 2694 Cassiodori
1258 2634 1291 2694 et
1314 2631 1420 2715 Augu·

272 2739 357 2804 stIni.
389 2736 621 2820 Orthographia
644 2753 680 2799 eo
706 2734 744 2798 ab
768 2735 840 2798 aliis
865 2734 1030 2799 codicibus
1053 2735 1221 2818 discrepat,
1246 2737 1330 2819 quod
1353 2757 1420 2803 sae-

270 2849 341 2929 pius
366 2864 383 2910 o
407 2864 463 2927 pro
487 2862 518 2922 0,
544 2861 561 2908 0
584 2862 638 2926 pro
663 2844 678 2905 t
700 2840 871 2905 inuenitur.
1553 2828 1554 2831 ’

226 2941 247 3004 Ζ
315 2951 418 3018 Codex
432 2949 599 3015 Turieinus
617 2967 700 3013 saec.
717 2947 755 3020 Χ,
772 2966 867 3028 quem
882 2946 947 3010 iam
963 2967 1059 3028 supra
1072 2967 1102 3031 p.
1114 2948 1235 3013 XXVII
1253 2948 1418 3034 descripsi,
1553 2972 1554 2997 1

269 3078 341 3123 curn
365 3058 486 3142 figuris.
509 3056 712 3120 adamnanus
737 3057 881 3118 exaratus
902 3056 952 3118 est
969 3054 1001 3118 in
1020 3055 1062 3117 28
1081 3055 1193 3136 primis
1217 3055 1318 3123 loliis:
1343 3062 1420 3122 sunt
1553 3064 1554 3073 ’

268 3171 331 3230 tres
368 3165 589 3248 quaterniones
627 3165 813 3227 octonorum
850 3161 998 3226 loliorum
1031 3162 1063 3226 in
1094 3162 1235 3246 margine
1271 3163 1420 3230 interiore
1553 3244 1554 3247 Ἴ

267 3273 406 3337 numeris
430 3271 455 3346 Ι,
475 3271 517 3347 ΙΙ,
537 3269 584 3334 IlI
609 3270 760 3352 signatae,
786 3271 819 3332 et
841 3267 942 3332 ternio
967 3287 1020 3332 ser
1044 3268 1193 3333 loliorum
1216 3269 1257 3332 31
1275 3280 1309 3342 ><
1324 3271 1377 3346 23,
1396 3272 1417 3334 5

267 3379 406 3454 centina,
431 3377 588 3459 scriptura
612 3377 706 3446 25)(
730 3375 781 3452 18,
807 3377 826 3437 5
851 3374 991 3446 centim.
1016 3375 1161 3459 singulae
1184 3375 1318 3459 paginae
1342 3383 1421 3442 aunt

267 3487 458 3550 trinenorum
499 3501 661 3547 uersuum.
709 3480 834 3546 Passim
877 3485 1072 3546 correcturae
1114 3481 1257 3546 eiusdem
1302 3501 1418 3548 manue

265 3593 478 3657 inueniuntur.
507 3589 694 3670 Descriptus
723 3587 851 3664 uidetur
878 3607 914 3650 er
942 3588 1122 3671 archetypo,
1152 3588 1242 3652 cuius
1265 3587 1418 3654 librarius

265 3697 423 3763 nonnullis
453 3695 648 3779 compendiis
678 3713 758 3786 usus
788 3697 868 3769 erat;
898 3713 960 3776 quo
989 3695 1110 3758 lactum
1138 3698 1198 3771 eet,
1222 3701 1259 3759 ut
1281 3714 1311 3777 p.
1337 3697 1416 3780 291,

266 3808 321 3879 12;
351 3805 427 3881 295,
452 3805 473 3866 4
498 3805 531 3866 et
555 3803 572 3865 7
602 3800 749 3865 librarius
778 3801 880 3884 primo
902 3806 1035 3882 propter
1061 3802 1131 3866 loco
1153 3806 1228 3881 post
1250 3802 1415 3882 scriberet,

263 3911 374 3976 deinde
400 3909 525 3994 cognito
551 3927 653 3972 errore
681 3907 750 3990 ipae
780 3908 967 3991 corrigerem
997 3908 1143 3972 similiter
1170 3909 1246 3986 292,
1273 3910 1313 3973 13
1337 3913 1417 3989 qaia

260 4039 317 4102 pro
337 4038 440 4098 parom,
461 4017 537 4092 296,
561 4016 600 4078 18
620 4014 769 4099 qrriole'let
792 4034 847 4098 pro
869 4015 1044 4095 qaarrrlr'bel.
1070 4013 1140 4078 Non
1161 4017 1264 4079 solum
1284 4016 1414 4082 eoadem

261 4143 373 4189 uersus
406 4122 572 4187 Fortunati
604 4127 679 4204 post
710 4121 830 4186 Arculli
862 4122 1007 4186 libellum
1042 4121 1146 4198 habet,
1180 4140 1259 4202 quos
1288 4121 1324 4199 Ρ,
1356 4123 1415 4187 sed

260 4231 356 4295 etiam
383 4249 413 4312 p.
444 4229 520 4305 225,
549 4229 592 4291 20
619 4227 702 4291 idem
733 4231 894 4313 glossema
921 4228 1035 4293 inicum
1063 4229 1094 4292 iu
1123 4231 1244 4292 textum
1271 4229 1412 4312 irrepsit,

260 4339 297 4400 de
324 4355 384 4418 quo
409 4336 482 4401 uide
507 4334 740 4399 adnotationem
765 4335 916 4399 anticam.
