3125 4942
474 432 500 486 S.
529 432 683 487 Siluiae
712 434 991 502 peregrinatio
1268 436 1310 499 73

157 626 236 691 item
255 626 292 691 fit
315 628 379 691 alia
403 628 512 705 oratic,
537 629 614 693 item
638 627 797 693 benedicit
819 627 940 693 fideles.
965 628 1006 691 ut
1028 628 1184 710 posthoc
1208 628 1310 693 denuo

157 738 224 798 tam
254 735 424 816 episcopus
452 754 547 817 quam
576 735 678 799 omnis
708 735 803 799 turba
829 735 926 799 uadet
953 733 1056 799 denuc
1078 737 1154 817 post
1177 733 1310 801 Crucem

157 845 191 905 et
213 840 258 904 ibi
283 841 384 906 denuo
409 841 557 906 similiter
579 842 616 905 tit
639 840 734 905 sicuti
766 844 798 905 et
826 846 899 905 ante
924 840 1067 906 Crucem.
1100 841 1141 905 Et
1164 841 1312 907 similiter

157 948 198 1012 ad
220 968 350 1011 manum
375 950 523 1032 episcopo
548 948 708 1013 acceditur
731 946 817 1013 sicut
840 947 879 1012 ad
897 948 1080 1031 Anastasim
1102 948 1149 1012 ita
1176 952 1207 1012 et
1238 952 1310 1013 ωηο

124 1054 303 1132 aCrucem,
329 1054 374 1117 ita
397 1058 430 1118 et
447 1058 522 1136 post
539 1054 683 1120 Crucem.
709 1053 865 1119 Candelae
890 1057 996 1119 autem
1020 1054 1141 1119 nitreae
1163 1056 1310 1139 ingentes

156 1161 275 1243 ubique
303 1161 459 1244 plurimae
487 1161 625 1244 pendent
648 1165 681 1227 et
704 1161 860 1227 cereofala
881 1161 1018 1243 plurima
1047 1166 1122 1226 sunt
1144 1166 1209 1225 tam
1238 1165 1311 1226 ante

155 1267 341 1331 anastasim
356 1287 451 1349 quam
467 1269 562 1333 etiam
577 1272 648 1333 ante
665 1268 809 1344 Crucem,
825 1267 882 1334 sed
896 1271 929 1331 et
946 1270 1021 1350 post
1034 1267 1182 1346 Crucem;
1199 1267 1310 1333 finiun-

155 1380 211 1437 tur
235 1392 310 1458 ergo
335 1374 412 1438 haec
437 1376 541 1440 omniu
565 1394 638 1440 cum
662 1376 811 1439 tenebris.
840 1375 927 1439 Haec
952 1374 1092 1456 operatio
1117 1374 1233 1439 cotidie
1255 1394 1312 1455 per

156 1478 226 1544 dics
256 1499 309 1545 ser
337 1480 383 1545 ita
410 1481 546 1546 habetur
572 1482 612 1545 ad
644 1482 776 1547 Crucem
807 1484 839 1545 et
871 1481 909 1545 ad
937 1480 1130 1547 Anastasim.
1168 1480 1313 1565 Septima
1345 1481 1364 1543 8

108 1608 137 1647 m
156 1590 266 1651 antem
286 1587 346 1665 die,
369 1588 472 1653 idest
495 1589 652 1655 dominica
672 1590 732 1664 die,
758 1591 830 1659 ante
853 1588 1015 1671 pullorum
1034 1591 1162 1653 cantum
1182 1588 1313 1672 colliget

156 1693 320 1757 scamnis
348 1693 534 1771 multitudo,
565 1713 783 1777 quaecumque
808 1714 879 1759 esse
907 1697 1014 1775 potest
1040 1694 1073 1757 in
1102 1713 1138 1759 eo
1165 1695 1247 1769 loco,
1276 1714 1313 1759 ac

156 1800 185 1863 si
210 1818 266 1882 per
287 1800 406 1884 pascha
429 1800 460 1865 in
480 1801 623 1879 basilica,
649 1820 728 1883 quae
749 1805 799 1867 est
817 1803 887 1865 loco
906 1801 994 1865 iurta
1012 1800 1205 1876 Anastasim,
1228 1800 1312 1865 foras

154 1914 272 1981 tamen,
311 1906 367 1970 ubi
403 1907 571 1972 luminaria
603 1928 658 1989 pro
693 1908 751 1972 hoc
789 1907 885 1990 ipsud
917 1907 1064 1991 pendent.
1111 1906 1195 1971 Dum
1228 1906 1312 1971 enim

156 2016 317 2089 necentur,
351 2032 389 2077 ne
418 2014 458 2078 ad
485 2016 646 2097 pullorum
675 2017 804 2079 cantum
833 2034 894 2080 nou
923 2017 1098 2091 occurrant,
1128 2018 1312 2077 antecessus

108 2140 137 2181 ιο
156 2120 293 2184 ueniunt
312 2124 345 2185 et
363 2121 408 2185 ibi
428 2120 547 2185 sedent.
567 2122 609 2185 Et
629 2121 776 2186 dicuntur
794 2122 882 2204 ymni
904 2137 1043 2185 necnon
1063 2125 1095 2185 et
1113 2119 1312 2203 antiphonae,

156 2231 191 2290 et
215 2224 298 2289 fiunt
321 2227 478 2291 orationes
498 2232 567 2291 cala
587 2228 731 2311 singulos
751 2246 864 2311 ymnos
883 2227 937 2290 uel
956 2226 1152 2309 antiphonas.
1176 2224 1258 2289 Nam
1282 2229 1315 2289 et

154 2333 334 2416 presbyteri
354 2335 385 2397 et
404 2332 551 2399 diacones
573 2352 698 2415 semper
715 2333 819 2415 parati
838 2336 914 2398 sunt
931 2333 962 2396 in
979 2350 1014 2395 eo
1034 2334 1104 2398 lccc
1124 2332 1162 2396 ud
1183 2332 1312 2416 uigilias

153 2444 285 2521 propter
303 2439 553 2516 multitudinem,
578 2458 656 2520 quae
682 2458 715 2502 se
735 2438 876 2521 colliget.
900 2436 1106 2503 Consuetudo
1130 2436 1212 2501 enim
1237 2437 1311 2502 talis

154 2551 215 2612 est.
246 2550 282 2611 ut
320 2548 392 2609 ante
424 2546 584 2628 pullorum
622 2547 749 2609 cantum
778 2545 850 2609 loca
885 2549 995 2608 sancta
1027 2563 1088 2608 non
1121 2544 1309 2627 aperiantur,

107 2678 136 2719 eo
156 2654 230 2717 llcx
260 2654 368 2717 autem
396 2652 518 2735 primus
547 2651 656 2734 pullus
685 2650 870 2727 cantauerit,
906 2651 1014 2714 statim
1046 2650 1216 2715 descendet
1247 2651 1310 2733 epi·
1343 2656 1364 2718 9

154 2776 273 2842 scupus
308 2762 340 2822 et
371 2758 468 2823 intrat
498 2758 581 2823 intro
617 2758 801 2840 speluncam
833 2756 873 2821 ad
904 2756 1096 2831 Anastasim,
1127 2757 1311 2839 aperiuntur

153 2868 262 2932 hostia
291 2866 396 2931 omnia
429 2870 461 2929 et
491 2866 588 2929 intrat
617 2866 718 2929 omnis
747 2863 921 2929 multitudo
957 2862 996 2926 ad
1028 2864 1221 2942 Anastasim,
1254 2864 1310 2934 nbi

153 2974 216 3038 iam
255 2971 424 3038 luminaria
461 2971 583 3035 infinita
621 2974 738 3049 lucent,
777 2973 809 3034 et
841 2968 1108 3051 quemadmodum
1144 2970 1308 3053 ingressus

153 3080 251 3145 fuerit
279 3079 429 3161 populus,
459 3078 543 3143 dicet
570 3078 729 3161 psalmum
763 3077 955 3160 quicumque
984 3076 1021 3140 de
1049 3077 1241 3159 presbyteris
1276 3087 1309 3143 et

108 3211 135 3251 rs
154 3185 348 3269 respondent
376 3204 495 3263 cumea,
528 3188 603 3267 post
630 3185 689 3249 hoc
717 3184 754 3248 fit
781 3183 892 3249 oratio.
934 3183 1013 3247 Item
1043 3184 1121 3247 dicit
1147 3184 1307 3267 psalmum

154 3294 348 3376 quicumque
368 3291 406 3356 de
427 3290 623 3365 diaconibus,
649 3290 797 3355 similiter
816 3290 852 3354 fit
871 3290 981 3367 oratio,
1006 3289 1123 3354 dicitur
1141 3295 1174 3355 et
1191 3292 1306 3357 tertius

153 3400 298 3481 psalmus
328 3417 345 3461 a
373 3416 574 3480 quocumque
598 3397 723 3471 clerico,
753 3397 846 3461 litet
872 3396 966 3461 tertio
991 3395 1091 3461 oratic
1115 3399 1147 3460 et
1170 3415 1306 3461 comme-

153 3506 289 3571 moratio
324 3505 473 3571 omnium.
521 3504 624 3569 Dictis
659 3521 732 3587 ergo
761 3502 813 3567 his
847 3502 949 3567 tribus
981 3503 1113 3585 psalmis
1147 3507 1179 3567 et
1212 3503 1358 3571 factisld

155 3609 351 3675 orationibus
388 3610 490 3674 tribus
535 3628 607 3675 ecce
645 3610 741 3674 ctiam
773 3610 977 3693 thymiateria
1013 3608 1191 3673 inferuntur
1222 3610 1304 3674 intro

110 3744 139 3783 ao
158 3716 307 3797 spelunca
331 3716 507 3793 Anastasis,
532 3718 569 3780 ut
599 3719 667 3781 tota
699 3716 833 3780 basilica
855 3716 1022 3780 Anastasis
1046 3716 1203 3798 repleatur
1231 3715 1304 3781 odo·

155 3824 253 3887 ribus.
277 3822 319 3887 Et
337 3825 412 3887 tunc
432 3822 476 3885 ibi
498 3826 563 3887 stat
582 3823 750 3906 episcopus
770 3822 853 3887 intro
873 3821 1041 3903 cancellos,
1060 3821 1192 3905 prendat
1210 3840 1303 3885 euan-

66 4176 70 4185 ,
191 4125 271 4193 depe
289 4124 317 4177 A
337 4124 462 4193 episcopo
481 4125 580 4193 scripsi
665 4124 843 4179 6cereoiala
861 4124 926 4177 aide
944 4124 993 4178 Du
1015 4124 1117 4193 Ganga
1132 4125 1298 4193 plcaaarium

157 4255 178 4291 a.
195 4256 218 4294 c.
263 4236 400 4293 Screbris
418 4240 445 4292 A
464 4240 583 4293 tenebris
605 4239 770 4295 Gaeaurriai
821 4242 852 4295 11
874 4256 1040 4310 quecumque
1059 4242 1086 4293 A
1135 4241 1170 4294 23
1187 4199 1257 4296 lucii
1274 4244 1301 4295 A

159 4326 191 4379 29
209 4327 381 4381 tlriamatarie
400 4331 425 4379 A
