3125 4942
471 442 497 495 S.
527 442 683 495 Siluiae
711 442 991 511 peregrinatio
1265 446 1309 509 93

157 656 281 720 semper
308 635 396 718 ipsos
425 634 493 699 dies
523 635 607 699 sicut
634 637 702 699 toto
732 654 811 699 enno
838 635 884 699 ita
912 634 951 699 ed
974 635 1129 701 Anastose
1153 636 1191 701 de
1218 638 1307 720 pullo

155 744 255 827 primo
275 762 379 825 usque
399 742 546 807 admone
567 742 846 807 consuetudinaria
864 746 1011 824 aguntur,
1032 742 1037 823 Ι
1057 743 1205 807 similiter
1218 747 1252 808 et
1269 744 1309 809 ad
1365 739 1431 831 [70]

155 855 243 915 serta
253 854 286 916 et
296 850 334 915 ed
344 851 515 915 lucernare.
537 848 713 913 Dominicis
725 852 831 913 eutem
842 848 954 913 diebus
965 868 1090 932 semper
1103 849 1308 932 inMertyn'o,

153 958 184 1021 id
200 961 250 1023 est
264 958 296 1021 in
313 957 447 1021 ecclesia
461 957 590 1033 maiore,
609 956 791 1039 proceditur
809 956 897 1020 iurte
910 955 1174 1021 consuetudinem
1188 959 1221 1021 et
1234 956 1308 1020 inde

124 1088 135 1126 s
152 1066 217 1129 itur
237 1064 275 1129 ed
291 1066 445 1129 Anastase
466 1082 537 1127 oum
556 1062 670 1146 ymnis.
696 1060 817 1141 Quarta
834 1062 912 1125 ferie
931 1066 1036 1126 autem
1057 1065 1089 1126 et
1109 1066 1199 1127 serta
1215 1062 1305 1142 ferie,

153 1172 302 1254 quoniam
322 1171 401 1254 ipsis
422 1170 532 1235 diebus
551 1171 679 1251 penitus
698 1188 791 1233 nemo
810 1168 940 1245 ieiunet,
961 1169 991 1232 in
1009 1167 1092 1252 Spon
1111 1169 1304 1253 proceditur,

151 1277 207 1342 sed
231 1296 338 1354 mane;
362 1276 398 1340 fit
422 1276 522 1340 missa
546 1276 654 1341 ordine
679 1295 747 1341 suo.

193 1384 254 1448 Die
275 1386 381 1448 eutem
396 1382 710 1467 quadragesimarum
728 1388 805 1465 post
822 1383 950 1465 pasche,
966 1383 1000 1448 id
1018 1388 1068 1448 est
1086 1384 1198 1465 quinte
1215 1385 1303 1461 feria,
1314 1390 1357 1456 42

149 1490 249 1573 pridie
269 1509 378 1556 omnes
397 1494 472 1571 post
491 1493 589 1559 serta,
608 1490 642 1555 id
661 1493 711 1555 est
724 1493 838 1573 quarte
854 1486 942 1567 ferio,
956 1491 988 1554 in
1002 1490 1168 1555 Bethleem
1181 1491 1304 1555 uadunt

109 1620 130 1655 n
147 1602 277 1682 propter
298 1597 429 1680 uigilias
454 1597 665 1661 celebrandas.
708 1598 804 1661 Fiunt
827 1602 935 1661 eutem
957 1598 1089 1681 uigiliae
1112 1598 1144 1663 in
1168 1598 1304 1662 ecclesia

146 1706 177 1769 in
210 1705 388 1778 Bethleem,
426 1704 458 1767 in
492 1723 555 1785 quo
587 1704 722 1769 ecclesie
755 1705 907 1786 spelunca
939 1707 998 1781 est,
1036 1703 1091 1767 ubi
1124 1708 1220 1769 notus
1254 1708 1303 1769 est

146 1812 315 1877 Dominus.
339 1810 411 1875 Alie
426 1809 475 1874 die
495 1814 612 1888 autem,
632 1810 665 1875 id
685 1814 735 1875 est
750 1810 862 1892 quinte
879 1810 958 1875 feria
977 1810 1300 1894 quadragesimarum,

146 1918 325 1983 celebratur
347 1916 447 1981 missa
472 1917 579 1981 ordine
604 1936 672 1993 suo,
696 1918 741 1981 ita
765 1920 803 1981 ut
826 1917 1057 2000 etpresbyteri
1080 1920 1114 1981 et
1131 1917 1300 2000 episcopus

144 2024 338 2106 praedicent,
371 2023 512 2087 dicentes
545 2025 617 2105 epte
650 2023 712 2088 diei
746 2026 779 2088 et
809 2024 894 2099 loco;
929 2028 962 2087 et
993 2024 1199 2106 postmodum
1231 2044 1302 2090 sere

104 2154 126 2192 n
143 2132 348 2195 reuertuntur
370 2130 592 2211 unusquisque
618 2128 648 2193 in
673 2129 872 2195 Ierueolime.

192 2234 538 2319 Quinquagesimerum
572 2239 678 2300 eutem
711 2236 772 2313 die,
808 2237 843 2300 id
874 2240 926 2301 est
956 2235 1123 2308 dominice.
1157 2256 1219 2319 qua
1250 2237 1352 2311 die43

144 2343 304 2408 maximus
327 2342 418 2407 labor
437 2346 487 2406 est
504 2343 633 2425 populo,
659 2346 796 2427 aguntur
814 2344 920 2407 omnia
938 2343 985 2407 sic
1003 2341 1042 2406 de
1060 2343 1149 2425 pullo
1169 2342 1296 2425 quidem

144 2450 248 2531 primo
278 2449 366 2514 iuxta
394 2449 671 2514 cousuetudinem:
705 2450 861 2533 uigilatur
886 2450 918 2515 in
947 2450 1113 2528 Anastese,
1145 2454 1183 2514 ut
1212 2450 1300 2533 legat

142 2557 316 2640 episcopus
348 2556 456 2621 locum
487 2556 580 2621 illum
614 2557 782 2641 euangelii,
817 2557 871 2640 qui
904 2576 1030 2640 semper
1061 2556 1219 2621 dominica
1246 2556 1297 2621 die

100 2686 125 2727 ιο
142 2663 272 2747 legitur,
302 2663 336 2726 id
364 2666 415 2727 est
441 2664 705 2729 resurrectionem
732 2664 871 2739 Domini,
900 2667 932 2729 et
957 2663 1162 2746 postmodum
1190 2664 1237 2728 sic
1261 2683 1298 2729 ee

140 2771 281 2853 aguntur
313 2769 345 2833 in
373 2770 540 2846 Acestese,
574 2789 654 2852 quae
684 2771 963 2835 consuetudinaria
994 2773 1079 2849 sunt,
1112 2770 1198 2835 sicut
1226 2774 1295 2835 toto

140 2894 232 2941 enno.
259 2874 339 2939 Cum
363 2881 469 2941 eutem
495 2896 586 2941 mane
604 2878 725 2941 fectum
744 2878 851 2955 fuerit,
874 2877 1018 2961 procedit
1036 2878 1138 2943 omnis
1156 2878 1295 2960 populus
1327 2888 1347 2949 2

138 2986 169 3049 in
191 2982 330 3048 ecclesie
353 2984 482 3059 meiere,
504 2983 538 3047 id
558 2987 607 3048 est
627 2983 666 3049 ed
684 2984 884 3068 Martyrium,
908 2989 1047 3067 aguntur
1064 2984 1159 3048 etiam
1179 2984 1294 3060 omnia,

139 3108 221 3170 qnae
257 3088 535 3154 consuetudinaria
567 3092 644 3153 sunt
675 3090 743 3174 agi;
776 3090 959 3174 praedicent
989 3089 1175 3174 presbyteri,
1207 3093 1294 3172 post-

95 3218 118 3257 ee
136 3196 271 3261 modum
306 3195 487 3279 episcopus,
522 3200 660 3281 aguntur
694 3198 800 3261 omnia
830 3198 985 3281 legitime,
1017 3197 1050 3261 id
1083 3200 1133 3260 est
1165 3196 1295 3260 offertur

136 3301 227 3365 iurte
263 3302 534 3380 cousuetudinem,
569 3323 631 3385 qua
663 3303 821 3369 dominica
848 3304 898 3369 die
927 3304 1095 3369 consueuit
1121 3302 1202 3377 fieri3
1236 3301 1293 3366 sed

135 3408 249 3472 eedem
283 3408 480 3473 adceleretur
511 3408 610 3475 misse
637 3410 668 3474 in
697 3411 896 3494 Martyrium,
929 3415 965 3475 ut
993 3414 1065 3475 onte
1092 3410 1170 3473 hora
1197 3408 1292 3473 tertie

137 3515 202 3580 fiat.
247 3512 523 3593 Quemadmodum
552 3516 635 3581 enirn
663 3518 762 3581 misse
790 3519 875 3583 fecte
900 3518 998 3582 fuerit
1025 3517 1064 3582 ed
1091 3517 1290 3599 Martyrium,

134 3622 240 3685 omnis
265 3624 402 3705 populus
427 3642 529 3705 usque
555 3624 594 3689 ed
616 3644 716 3689 uuum
741 3644 813 3689 oum
836 3626 940 3709 ymnis
965 3626 1082 3689 ducent
1104 3624 1289 3707 episcopum

94 3753 119 3794 eo
134 3728 166 3791 in
194 3728 291 3811 Syon.
318 3729 372 3793 sed
397 3734 480 3804 <ut>
506 3730 583 3797 hora
604 3732 699 3796 tertie
721 3732 816 3814 plene
838 3733 870 3795 iu
895 3731 979 3815 Syon
1004 3732 1077 3797 sint.
1124 3730 1186 3795 Ubi
1215 3749 1287 3794 cum
1320 3746 1340 3808 3

131 3838 270 3899 uentum
298 3835 404 3915 fuerit,
432 3836 551 3921 legitur
578 3837 631 3901 ille
658 3838 749 3902 locus
779 3838 816 3902 de
845 3838 945 3903 Actus
975 3838 1203 3923 apostolorum,
1231 3837 1288 3901 ubi

168 4080 180 4131 l
205 4094 313 4147 semper
331 4096 379 4148 per
401 4078 575 4134 Ctoiodciat
666 4082 680 4135 7
702 4080 796 4135 ordine
816 4099 864 4135 suo
884 4081 928 4135 dic
948 4082 1049 4136 eedem.
1071 4081 1284 4152 Quedregesime

130 4170 224 4221 entem
245 4166 423 4221 Cholodniot·
491 4169 620 4223 Seadem
641 4172 667 4223 A
687 4174 777 4223 eutem
797 4172 895 4239 scripsi
964 4171 996 4224 18
1015 4171 1147 4239 uigiletur
1164 4188 1232 4226 corr.
1252 4188 1285 4225 ec

129 4254 289 4323 uigiliarum
308 4256 336 4307 A
404 4258 437 4310 27
458 4257 561 4327 eodem]
583 4274 614 4311 ee
633 4258 675 4311 die
699 4258 875 4312 Ctoiodniai·
947 4259 1095 4324 adceleret;
1117 4260 1145 4313 A
1199 4260 1234 4315 30
1253 4265 1284 4314 ut

130 4342 234 4398 addidi
252 4360 313 4398 com
337 4344 511 4399 Ciroiodniot
