3125 4942
624 439 850 494 Antoninus
1249 445 1315 508 215

160 633 295 718 pedibus
327 635 446 700 nostris
479 635 641 720 ungebant
671 636 798 718 plantas
837 640 962 702 nostras
994 639 1027 700 et
1063 636 1169 718 capita
1204 634 1316 721 lingua

161 743 347 826 aegyptiaca
369 742 543 826 psallentes
567 742 785 826 antiphonam:
811 742 987 808 ‘Benedicti
1010 762 1071 808 uos
1090 762 1108 807 a
1127 743 1263 809 Domino
1283 747 1316 808 et

159 849 345 914 benedictus
367 849 523 914 aduentus
546 851 664 914 uester.
689 847 815 914 Osanna
833 849 866 914 in
885 850 1040 917 excelsis’.
1064 851 1140 932 Ipsa
1159 854 1209 916 est
1231 855 1317 916 terra

159 955 286 1020 Madian
311 955 374 1020 et
365 955 428 1038 1psi
448 955 655 1022 habitantes
647 977 679 1021 1n
700 975 736 1022 ea
756 956 932 1026 ciuitatem
956 958 1083 1022 Dicitur
1102 961 1220 1035 autem,
1240 957 1316 1039 quia

129 1081 141 1162 ⁵,
159 1081 194 1126 ex
207 1061 329 1126 familia
340 1063 389 1127 Iet
390 1063 446 1127 hro
462 1082 563 1128 socen
554 1063 683 1147 Moysi
702 1063 976 1142 descenduntt
924 1082 961 1129 oc
963 1064 1123 1148 tingentes
1143 1063 1315 1130 condomas

148 1168 367 1235 militantes
359 1188 391 1233 1n
419 1169 548 1252 publico
577 1189 650 1236 oum
680 1171 830 1236 uxoribus
860 1170 940 1252 sats,
963 1190 1118 1236 annonam
1147 1175 1180 1236 et
1205 1173 1315 1235 uestes

159 1275 351 1358 accipientes
375 1295 412 1341 er
433 1278 591 1362 Aegypto.

200 1382 248 1446 De
264 1383 380 1465 quibus
398 1385 479 1449 locis
500 1383 647 1450 uenimus
661 1383 811 1468 Magdalu
829 1387 862 1449 et
876 1384 1013 1450 Socootb
1034 1390 1068 1449 et
1085 1385 1172 1458 a<d>
1188 1378 1365 1467 septae-41

159 1488 246 1572 ginta
270 1488 349 1554 dues
372 1491 494 1573 palmas
520 1493 553 1555 et
575 1489 743 1555 duodecim
762 1491 868 1555 fontes
887 1494 920 1555 et
939 1490 1152 1574 applicuimus
1176 1490 1221 1554 ibi
1244 1489 1314 1554 dies

117 1619 140 1656 n
160 1594 249 1675 duos,
274 1596 401 1680 fatigati
428 1600 503 1679 post
529 1601 653 1662 tanturn
676 1597 820 1661 laborem
843 1600 877 1662 et
900 1596 1020 1662 heremi
1043 1597 1240 1662 uastitatem.
1276 1597 1312 1661 In

158 1721 219 1786 quo
243 1701 315 1769 loeo
340 1708 390 1768 est
413 1703 582 1769 castellum
605 1704 778 1783 modicum,
803 1704 859 1787 qui
883 1707 1017 1770 uocatur
1041 1703 1227 1769 Surandala.
1254 1703 1314 1768 Est

157 1807 253 1873 etiam
271 1809 353 1874 infra
370 1810 478 1892 ipsum
499 1811 665 1876 castellum
687 1811 823 1875 ecclesia
842 1830 915 1875 cum
935 1810 1167 1894 synodochium
1186 1813 1314 1892 propter

156 1917 368 1982 transeuntes.
391 1915 468 1980 Inde
492 1917 638 1981 uenimus
659 1916 698 1981 ad
717 1918 836 1995 locum,
855 1916 911 1981 ubi
930 1917 990 1981 filii
1008 1917 1130 1983 Israhel
1148 1921 1314 1982 transeun-

155 2027 203 2088 tes
231 2039 317 2090 mare
343 2024 439 2090 rubro
469 2029 572 2089 castra
595 2025 705 2089 metati
681 2029 816 2102 risun,
841 2024 943 2090 etibi
973 2025 1087 2090 similit
1089 2044 1122 2089 er
1073 2023 1313 2090 tcastellum

114 2151 137 2190 1⁵
156 2149 228 2196 cam
262 2130 553 2216 synodochio.t
511 2133 553 2195 Et
588 2131 620 2196 in
658 2133 739 2208 loco,
774 2150 838 2215 quo
877 2132 1020 2198 exierunt
1055 2131 1094 2197 de
1131 2150 1228 2209 mare,
1261 2134 1312 2195 est

155 2237 327 2303 oratorium
359 2237 483 2304 Heliae.
527 2240 569 2303 Et
601 2239 861 2304 transcendentes
894 2241 1043 2304 uenimus
1075 2239 1108 2304 in
1141 2239 1223 2317 loco,
1255 2238 1311 2304 ubi

153 2345 314 2410 intrarunt
349 2343 381 2408 in
419 2363 515 2421 mare,
553 2345 609 2410 ubi
648 2348 699 2410 est
734 2345 907 2411 oratorium
944 2345 1060 2428 Moysi.
1110 2344 1160 2408 lbi
1192 2347 1243 2410 est
1279 2349 1312 2411 et

154 2450 270 2516 ciuitas
303 2469 412 2532 parua,
446 2469 526 2533 quae
560 2452 739 2534 appellatur
772 2451 912 2536 Clysma,
940 2453 996 2518 uhi
1028 2451 1068 2518 de
1095 2451 1185 2516 India
1212 2471 1312 2516 naues

157 2557 299 2623 ueniunt.
336 2558 372 2622 In
401 2557 472 2622 loco
497 2577 583 2637 uero,
607 2557 663 2624 ubi
687 2559 891 2638 transiemnt‚
914 2559 1026 2643 fulgus
1050 2559 1113 2623 erit
1135 2558 1174 2624 de
1196 2559 1311 2643 pelago

113 2663 273 2728 somniare
307 2668 339 2728 et
372 2665 551 2730 extenditur
582 2665 668 2731 intus
701 2665 734 2731 in
766 2667 879 2732 multis
914 2667 1057 2743 milibus,
1090 2665 1146 2749 qai
1182 2684 1312 2730 accessa

154 2789 343 2854 recessuque
371 2771 477 2836 habet.
518 2772 697 2837 Recedente
724 2793 811 2837 mare
843 2776 975 2856 apparet
1006 2773 1108 2838 omnis
1142 2771 1311 2837 subuersio

154 2877 329 2943 Pharaonis
358 2881 390 2942 et
419 2877 524 2942 omnia
552 2897 639 2942 arma
665 2877 696 2942 in
725 2898 882 2944 marmore
909 2884 1034 2945 mnata
1061 2879 1219 2946 uidentur.
1260 2878 1311 2942 Ibi

154 2984 335 3066 accepimns
370 3003 467 3048 nuces
500 2983 630 3064 uirides,
660 3005 740 3068 quae
773 2985 813 3050 de
840 2985 931 3051 India
962 2990 1129 3063 uenerunt,
1158 3005 1237 3068 quas
1271 2985 1310 3049 do

154 3090 302 3173 paradiso
318 3091 451 3156 credunt
465 3091 609 3156 homines
627 3111 708 3170 esse,
724 3097 758 3158 et
774 3093 879 3176 quiex
895 3092 941 3158 eis
958 3095 1147 3177 gastonem,
1163 3093 1308 3156 satiatur.

111 3219 136 3258 es
198 3199 290 3262 Intus
319 3201 424 3262 autem
451 3197 485 3261 in
513 3197 583 3280 ipso
613 3200 727 3282 pelago
755 3198 881 3264 modica
909 3203 959 3265 est
980 3199 1095 3278 insula,
1119 3201 1152 3264 in
1175 3219 1238 3281 qua
1260 3203 1311 3264 est

154 3309 242 3388 petra
261 3305 347 3382 uiua,
368 3303 423 3369 ubi
442 3303 580 3386 pendent
597 3305 711 3370 molles
730 3308 768 3370 ut
788 3305 891 3371 carnei
908 3307 942 3370 in
956 3307 1086 3372 modum
1102 3303 1361 3384 dactalorum‚t2

155 3409 210 3493 qui
236 3410 371 3476 tundent
397 3414 606 3494 unguentum,
631 3412 716 3494 quod
740 3413 846 3478 oleum
869 3414 1030 3497 petrinum
1058 3413 1230 3497 appellant,
1254 3413 1309 3496 qui

162 3602 409 3673 ,2antyphonanr
423 3603 451 3656 Β
486 3604 552 3657 det
570 3603 757 3658 inhabitantes
771 3605 800 3658 Β
855 3606 967 3659 ciuitate
987 3605 1015 3658 Β
1068 3605 1171 3676 autem]
1191 3605 1262 3658 enim
1281 3605 1309 3657 Β

155 3692 283 3746 bencero
301 3691 382 3746 BrM
470 3693 643 3762 octtngentos
662 3695 690 3748 Β
788 3696 932 3765 dpuplico
952 3696 980 3749 Β
1080 3695 1148 3748 Ide
1169 3693 1261 3766 egipto
1281 3693 1308 3745 Β

156 3807 172 3859 8
190 3773 307 3864 nra⁶dolo
328 3811 356 3862 et
374 3809 470 3864 sochot
489 3812 518 3864 et
536 3809 571 3862 ad
588 3809 689 3864 LXXII
709 3810 812 3865 dalmas
826 3811 854 3864 Β
908 3812 925 3866 9
943 3810 1044 3866 inimus
1063 3810 1102 3864 ibi
1121 3810 1189 3865 duos
1207 3809 1266 3864 dies
1281 3810 1308 3861 Β

157 3897 190 3950 10
212 3901 319 3952 tantam
338 3897 366 3952 B
457 3901 487 3954 ll
516 3897 589 3970 qaod
606 3899 635 3952 B
743 3901 896 3955 sarandalt't
916 3901 960 3956 Br
1051 3901 1084 3954 12
1102 3898 1261 3954 sinodochio
1280 3898 1308 3951 Β

160 3987 190 4041 13
204 3987 415 4041 transieruntB
471 3989 504 4042 14
522 3988 633 4043 rubram
653 3992 682 4042 et
701 3993 791 4044 caetra
809 3989 836 4042 Β
893 3993 925 4046 15
945 3989 1144 4044 sinodochioB
1195 3989 1228 4044 16
1242 3988 1307 4043 bae-

158 4075 210 4130 IIae
228 4077 273 4130 Br
357 4079 531 4131 transeuntes
549 4077 587 4132 M
648 4077 682 4132 ad
701 4078 791 4133 locum
809 4079 837 4132 Β
902 4081 934 4134 17
954 4084 983 4132 et
1001 4095 1052 4135 ocra.
1070 4080 1106 4133 M
1167 4079 1200 4134 18
1220 4077 1308 4132 (lisina

157 4180 208 4233 quo
226 4165 255 4218 Β
329 4165 363 4220 19
381 4165 481 4220 fluuius
499 4166 527 4218 Β
608 4167 643 4221 20
661 4167 733 4221 intnl
750 4168 795 4222 Br
880 4168 991 4222 milibus
1009 4185 1060 4223 om.
1080 4168 1107 4221 Β
1197 4167 1263 4238 qaia
1282 4169 1307 4219 Il

155 4254 189 4308 22
208 4254 412 4308 mannorean
501 4255 535 4310 23
550 4255 651 4310 uiride
670 4273 752 4310 nuces
770 4258 798 4311 Β
889 4257 1044 4312 deom.Br
1132 4255 1309 4327 indyaBrM

155 4343 188 4397 24
206 4342 341 4415 paradyso
360 4341 397 4396 M
468 4360 499 4397 ex
518 4360 563 4398 eas
582 4345 616 4398 M
670 4347 705 4402 26
725 4345 887 4401 dactilornm
905 4347 933 4400 Β
