3125 4942
244 742 354 819 oratio,
384 746 416 809 et
439 743 556 827 gratias
581 742 647 807 Deo
673 745 803 825 agentes
827 740 988 807 mouimus
1011 741 1094 809 iude.
1131 741 1169 807 Id
1193 743 1276 807 euim
1299 742 1391 807 nobis

245 868 368 934 semper·
395 848 634 915 consuetudinis
663 851 740 927 eret,
768 852 806 913 ut
832 848 1026 932 ubicumque
1054 848 1094 913 sd
1121 850 1192 915 loca
1214 849 1393 914 desiderate

244 955 394 1021 accedere
413 956 610 1034 uslebsmus,
636 957 773 1039 primurn
792 955 837 1020 ibi
856 955 946 1021 fieret
963 956 1075 1033 oratio,
1099 955 1211 1021 deinde
1234 956 1393 1040 legeretur

243 1063 338 1129 lectio
362 1064 432 1145 ipss
455 1063 493 1129 de
517 1062 635 1140 codice,
660 1062 817 1127 diceretur
840 1062 936 1127 etiem
959 1063 1103 1145 psalmus
1126 1081 1209 1128 unus
1231 1063 1392 1147 pertinens
1426 1082 1442 1120 n

244 1169 373 1235 adrem
404 1173 436 1234 et
459 1171 571 1235 iterato
600 1170 691 1235 fieret
714 1169 758 1235 ibi
782 1169 893 1234 oratio.
916 1169 1007 1234 Hanc
1031 1189 1104 1253 crgo
1130 1169 1392 1235 consuetudinem

245 1277 373 1342 iubente
398 1277 464 1341 Deo
494 1296 620 1360 semper
641 1277 815 1355 tenuimus,
842 1275 1037 1359 ubicumque
1059 1275 1099 1340 sd
1121 1275 1193 1341 locs
1216 1275 1395 1340 desiderate

214 1384 407 1466 8p0tuimue
426 1384 600 1467 peruenire.
619 1385 666 1448 Ac
686 1383 731 1449 sic
751 1402 836 1467 ergo,
856 1386 894 1447 ut
912 1386 1060 1466 coeptum
1080 1401 1160 1466 opns
1178 1382 1391 1464 perficeretur,

244 1490 405 1574 coepimus
422 1491 629 1567 festinarent
643 1490 880 1572 perueninemus
895 1490 934 1554 sd
948 1492 1087 1554 montem
1100 1489 1223 1554 Nebsn.
1234 1488 1393 1554 Euntibus

244 1597 334 1662 nobis
367 1598 564 1663 commonuit
594 1597 759 1681 presbyter
789 1597 853 1661 loci
884 1596 998 1679 ipsius
1031 1596 1065 1661 id
1097 1600 1147 1661 est
1179 1597 1217 1661 de
1250 1596 1443 1672 Libisde,1o

245 1724 338 1787 quem
361 1705 468 1787 ipsum
492 1704 657 1771 nobiscum
676 1706 1046 1787 rogantesmoueremus
1066 1702 1295 1778 demensione,
1319 1702 1394 1785 quis

245 1812 360 1877 melius
387 1812 458 1894 ipsa
480 1811 551 1876 loca
573 1814 720 1876 nouerat:
749 1810 828 1875 dicit
851 1829 925 1895 ergo
948 1810 1039 1875 nobis
1063 1810 1132 1893 ipse
1155 1810 1334 1893 presbyter:
1364 1810 1393 1873 si

245 1918 344 1982 uultis
373 1916 482 1985 uidere
511 1936 634 1999 aquarn,
661 1936 741 2000 quae
770 1915 842 1980 fluit
865 1916 903 1981 de
930 1919 1028 2000 petra,
1057 1916 1091 1981 id
1114 1921 1163 1981 est
1186 1934 1281 1997 quem
1305 1913 1394 1979 dedit

244 2025 373 2108 Moyses
406 2024 481 2090 filiis
513 2024 634 2089 Israhel
671 2023 865 2101 sitientibus,
902 2024 1038 2105 potestis
1070 2023 1192 2101 uidere;
1226 2023 1253 2087 si
1285 2026 1392 2086 temen

124 2126 205 2218 [421
245 2132 412 2198 uolueritis
435 2132 573 2197 laborem
597 2131 689 2197 uobis
712 2130 885 2213 imponere,
907 2133 945 2194 ut
967 2130 1006 2194 dc
1030 2131 1084 2195 uia
1106 2146 1285 2195 csmsemus
1306 2128 1310 2215 l
1331 2129 1392 2193 for·
1413 2150 1442 2189 rs

215 2239 327 2305 9sitan
352 2237 486 2303 miliario
510 2241 609 2303 sexto.
634 2237 726 2318 Quod
745 2256 819 2301 oum
837 2236 979 2314 dixisset,
1003 2255 1060 2302 uos
1085 2236 1163 2302 satis
1187 2236 1274 2301 auidi
1292 2235 1393 2318 opt—sti

247 2363 358 2411 sumus
382 2344 441 2421 ire;
468 2348 500 2410 et
522 2344 629 2409 statim
656 2343 851 2408 diuertentes
879 2363 898 2408 a
927 2344 981 2407 uis
1004 2343 1106 2408 secuti
1129 2361 1241 2407 snmus
1264 2342 1392 2425 presby-

245 2455 360 2530 terum,
390 2452 444 2534 qni
472 2470 529 2517 nos
553 2450 699 2517 ducebat.
723 2451 758 2514 In
783 2469 820 2514 eo
844 2468 918 2534 ergo
941 2450 1012 2515 loco
1038 2448 1174 2514 ecclesia
1197 2452 1247 2513 est
1268 2448 1393 2532 pisinus

247 2560 356 2623 subter
378 2562 519 2623 montem
547 2576 607 2621 non
637 2556 761 2633 Nebau‚
787 2554 842 2620 sed
874 2555 1009 2620 alterurn
1036 2555 1226 2634 interiorem,
1251 2555 1307 2620 sed
1334 2573 1392 2619 nec

246 2666 321 2748 ipse¹
338 2666 431 2749 longe
456 2667 505 2729 est
529 2663 567 2728 de
589 2663 717 2739 Nouam
741 2663 887 2727 monachi
910 2664 1016 2727 sutem
1040 2661 1170 2745 plurimi
1193 2665 1393 2727 commanent
1412 2682 1443 2722 so

246 2772 290 2837 ibi
314 2790 388 2837 uere
413 2770 524 2850 suncti,
549 2773 581 2835 et
604 2788 683 2853 quos
707 2769 760 2835 hic
784 2770 899 2834 escites
923 2772 1050 2834 uocant.

195 2880 234 2943 ll
291 2878 334 2942 Hi
367 2896 442 2961 ergo
476 2876 576 2943 sancti
604 2875 749 2941 monachi
778 2874 899 2959 dignati
927 2879 1003 2940 sunt
1028 2894 1085 2940 nos
1115 2876 1276 2959 suscipere
1299 2874 1394 2940 ualde

246 2986 393 3061 humane,
407 3004 478 3049 narn
500 2986 531 3048 et
549 2982 589 3047 ad
603 2982 826 3047 salutationem
846 3001 937 3046 sunm
955 2981 1167 3065 permiserunt
1184 3002 1243 3047 nos
1260 2981 1394 3067 ingredi.

249 3092 329 3158 Cum
362 3093 468 3155 autern
501 3088 638 3174 ingressi
669 3088 844 3153 fuissemus
877 3088 916 3153 sd
944 3107 1010 3166 eos,
1042 3089 1127 3153 fecta
1154 3089 1294 3155 oratioue
1322 3107 1395 3153 curn

247 3198 327 3281 ipsis
357 3198 500 3281 eulogias
529 3196 620 3261 nobis
651 3194 724 3260 dere
754 3195 876 3279 dignati
904 3200 989 3272 sunt,
1017 3196 1104 3261 sicut
1124 3195 1242 3261 hebent
1265 3213 1395 3260 consue·
1415 3215 1447 3255 ss

220 3304 392 3370 2tudinem
421 3302 515 3368 dandi
542 3302 603 3380 bis,
632 3322 712 3385 quos
739 3302 876 3367 humane
904 3302 1095 3384 suscipiunt.
1131 3302 1180 3367 Ibi
1211 3321 1285 3385 ergo
1316 3302 1396 3366 inter

251 3410 415 3476 ecclesiam
443 3411 475 3473 et
497 3408 689 3473 monasteria
711 3408 742 3471 in
766 3407 869 3473 medio
893 3408 965 3473 duit
991 3407 1029 3471 de
1052 3411 1142 3491 petra
1168 3426 1250 3490 equs
1272 3408 1394 3492 ingens,

251 3515 384 3601 pulchra
401 3514 494 3579 uelde
514 3518 546 3579 et
567 3512 709 3597 limpida,
734 3514 999 3596 ssporis‘optimi.
1023 3514 1112 3579 Tunc
1128 3514 1396 3598 interrogauimus

252 3643 309 3690 nos
333 3623 429 3688 etiarn
454 3626 487 3686 et
508 3621 582 3686 illos
607 3623 733 3685 sanctos
756 3620 939 3698 monachos,
968 3620 1022 3704 qni
1043 3621 1089 3685 ibi
1111 3620 1291 3699 manebant,
1316 3639 1396 3703 quse

253 3732 336 3796 esset
360 3730 437 3794 hoec
461 3748 543 3811 aqna
560 3726 634 3792 talis
654 3728 687 3790 ct
704 3728 785 3791 tanti
808 3728 939 3810 saporis.
965 3727 1053 3792 Tunc
1070 3726 1118 3792 illi
1138 3726 1294 3792 diremut:
1319 3728 1397 3793 brec
1416 3747 1450 3789 eo
1552 3793 1553 3810 ,

244 443 286 505 52
546 439 700 493 Itinere
727 438 1093 508 Hierosolymitnnu

244 635 364 701 dixerat
387 654 482 719 super
504 635 587 700 filios
611 633 741 701 Israhel.
779 633 956 698 miserato
979 637 1053 716 post
1074 634 1212 700 lectione
1235 635 1320 699 facta
1343 638 1394 699 est

345 3940 377 3993 13
397 3938 429 3993 cl.
449 3937 532 3993 Exod.
555 3940 596 4001 17,
616 3940 632 3993 6
704 3938 786 3991 Num.
805 3937 848 4002 20,
868 3937 885 3991 8

290 4084 308 4137 4
325 4082 483 4137 nolebamus
495 4083 522 4135 A
540 4082 697 4136 nolebamus
716 4081 815 4149 seipsi
826 4082 966 4149 proba-nte
983 4081 1132 4135 Bernardo
1181 4082 1198 4135 6
1216 4061 1304 4135 drstio
1318 4060 1357 4134 ibi
1371 4080 1398 4133 A

256 4189 315 4229 cum
333 4172 419 4241 sionis
436 4172 664 4241 transpositionis
746 4172 777 4224 ll
799 4172 890 4240 quem]
911 4185 981 4238 quse
999 4170 1027 4223 A
1103 4172 1134 4225 16
1155 4171 1242 4239 optati
1262 4186 1353 4223 snmus
1371 4170 1399 4222 A

256 4260 339 4314 orbati
363 4263 408 4326 (·=
432 4260 544 4327 bortnti)
569 4276 660 4313 sumus
683 4259 740 4328 ipsc
763 4259 865 4313 conieci
991 4260 1024 4313 19
1048 4258 1200 4313 inferiorem
1223 4256 1400 4313 Obolodniak

256 4349 291 4402 28
310 4349 414 4418 soporis
433 4349 459 4400 A
