3125 4942
597 438 817 493 Praefatio.
1121 436 1273 503 XXXVII

165 639 289 714 Restat,
310 640 347 702 ut
365 635 404 700 de
423 634 617 701 editionibus
632 634 809 698 Adamnani
829 633 993 699 disseram.
1012 634 1139 698 Primus
1157 633 1273 697 Adam·

123 763 238 809 nanum
285 751 359 828 post
400 743 574 808 multorum
618 741 817 806 saeculorum
861 740 1053 806 obliuionem
1094 741 1125 804 in
1168 741 1274 805 lucem

122 851 256 933 protulit
292 848 425 914 Iacobus
465 846 592 912 Greiscr
631 846 762 924 Iesnita,
800 847 892 912 cuins
934 846 1045 911 editio:
1087 846 1275 910 Adomoooi

121 955 334 1024 Scotobibcmi
356 955 393 1018 dc
415 955 479 1020 sito
502 959 604 1018 terrac
625 956 761 1018 sanciae.
785 951 974 1035 Inqobtcdii
997 958 1094 1018 1619,
1114 953 1151 1016 4⁰
1170 954 1272 1018 denuo

121 1063 205 1148 typis
240 1063 399 1145 impressa
432 1063 483 1126 est
513 1061 545 1124 in
577 1059 622 1123 IV
654 1063 741 1124 tomo
775 1078 906 1142 operum
944 1061 1084 1124 omniurn
1118 1060 1273 1138 eiusdem,

120 1171 316 1234 Ratisbonae
342 1168 437 1232 1734.
464 1164 556 1245 Quod
581 1165 722 1231 Gretseri
746 1166 854 1241 codex,
879 1185 942 1248 quo
965 1167 1059 1231 unico
1081 1167 1170 1232 fonte
1193 1187 1273 1233 usus

121 1280 179 1354 est,
215 1278 352 1340 aetatem
382 1293 443 1338 non
471 1273 557 1350 tulit,
586 1291 647 1336 non
676 1275 727 1337 est
755 1272 840 1355 quod
868 1273 961 1337 nimis
989 1273 1163 1338 doleamus.
1191 1274 1274 1338 Nam

95 1384 378 1465 'quibuscumque
405 1380 486 1444 locis
511 1383 728 1444 coeterorum
758 1379 903 1444 codicum
929 1378 991 1444 fide
1019 1380 1175 1458 abhorret,
1205 1381 1274 1446 eius

120 1491 276 1555 lectiones
299 1505 404 1552 merae
428 1485 625 1566 corruptelae
650 1488 734 1548 sunt.
758 1485 841 1548 llum
865 1486 993 1550 saeculo
1016 1486 1095 1550 Xlll
1114 1505 1174 1550 non
1195 1487 1274 1551 anti-

121 1599 266 1682 quiorem
294 1595 394 1662 fuisse
424 1596 456 1658 et
483 1592 585 1657 eidem
618 1590 756 1656 familiae
790 1592 1033 1658 adscribendum
1066 1611 1147 1669 esse,
1181 1593 1273 1658 cuius

120 1706 263 1787 optimus
287 1702 380 1766 testis
405 1703 455 1765 est
477 1698 547 1764 ced.
572 1698 751 1774 Turicinus,
775 1699 900 1764 ostendi
917 1699 1056 1764 Adomn.
1075 1699 1117 1763 ΙΙ
1133 1721 1166 1781 p.
1184 1703 1231 1764 26
1249 1718 1274 1763 a.

120 1811 310 1876 Melioribus
334 1805 550 1872 fundamentis
574 1805 687 1870 nititur
710 1805 808 1870 editio
827 1805 1013 1870 Mobillocii
1035 1808 1071 1870 ia
1088 1806 1181 1871 Actis
1202 1826 1275 1872 son·

121 1923 239 1981 clocam
267 1914 392 1980 ordinis
419 1933 444 1978 s.
467 1911 634 1976 Benedicti
659 1931 685 1975 s.
709 1911 775 1976 ΠΙ
792 1916 877 1992 pori.
901 1912 947 1976 ΙΙ
972 1918 1063 1978 1672
1080 1935 1115 1994 p.
1140 1917 1208 1976 499
1230 1933 1273 1978 ss.

121 2022 330 2088 Mobillonius
360 2020 454 2096 enirn,
479 2019 533 2101 qui
561 2017 709 2082 editionis
739 2037 815 2083 suae
843 2039 873 2102 p.
898 2021 963 2084 502
992 2040 1026 2084 se
1055 2021 1273 2084 Adamnaoum

123 2151 157 2194 er
178 2149 278 2194 manu
302 2127 431 2210 scriptis
456 2125 619 2190 codicibus
644 2122 797 2190 Vaticano
822 2131 859 2190 et.
873 2125 1056 2190 corbeiensi
1081 2130 1112 2191 et
1135 2127 1274 2192 editione

124 2236 265 2302 Gretseri
290 2233 471 2319 publicasse
496 2231 584 2310 dicit,
608 2231 740 2296 remita
763 2232 915 2311 instituit,
933 2235 972 2297 ut
994 2233 1114 2298 codicis
1132 2234 1158 2298 P
1177 2234 1274 2317 potis-

123 2345 240 2408 simum
264 2340 486 2406 auctoritatem
513 2343 708 2422 sequeretur,
732 2339 863 2404 lacunas
887 2342 994 2403 autem
1018 2359 1054 2404 er
1082 2339 1190 2404 codice
1213 2339 1274 2404 Va·

124 2452 238 2528 ticano,
268 2468 361 2531 quem
396 2446 537 2510 eiusdem
561 2445 701 2510 familiae
726 2464 796 2510 esse
821 2450 915 2528 atque
939 2447 983 2511 Br
1006 2446 1129 2512 ostendi
1152 2447 1274 2510 Adam-

123 2577 226 2620 ucnus
245 2553 290 2619 ΙΙ
298 2575 334 2635 p.
352 2558 394 2618 45
413 2573 452 2630 s,
470 2551 622 2635 expleret;
642 2552 855 2635 praeteream
874 2553 1015 2635 margine
1039 2572 1274 2635 nonnumquam

123 2664 227 2728 uarias
258 2661 414 2726 lectiones
446 2659 534 2724 tertii
566 2658 685 2722 codicis
718 2658 862 2724 eiusdem
894 2658 1044 2734 familiae,
1079 2658 1134 2723 sed
1171 2661 1273 2724 multo

124 2771 224 2853 magis
249 2767 357 2834 uitiati
380 2765 555 2840 adnotabit,
580 2783 674 2847 quern
694 2765 836 2830 codicem
854 2765 1034 2831 Par-isinum
1055 2767 1174 2843 12943,
1198 2766 1273 2831 olim

123 2875 335 2941 bibliothecae
360 2872 392 2937 S.
417 2871 565 2937 Germani
589 2891 606 2936 a
630 2873 745 2952 Pretio,
769 2892 841 2937 esse
863 2872 997 2956 probaui
1020 2873 1040 2936 l.
1066 2892 1092 2938 c.
1116 2894 1147 2956 p.
1166 2875 1209 2937 46
1230 2892 1273 2938 ss.

123 2982 240 3047 Nostra
264 2983 367 3046 aetate
390 2977 500 3060 Debiii
525 2979 660 3044 clericus
684 2979 911 3064 Francogatlus
935 2979 1055 3044 Arculfi
1081 2979 1207 3044 libellos
1237 2980 1274 3043 de

123 3089 200 3154 locis
226 3087 347 3152 sanctis
366 3086 527 3150 recensuit
546 3090 578 3151 et
597 3085 698 3151 edidit
715 3087 746 3152 in
766 3087 859 3165 libro,
879 3087 933 3168 qni
952 3087 1151 3152 inscribitur:
1176 3085 1276 3152 Essoi

122 3216 177 3258 sur
199 3194 244 3258 les
262 3192 460 3276 peldrinoces
485 3197 506 3256 ct
528 3191 712 3258 Ierusalem.
738 3191 838 3256 Poris
862 3197 962 3258 1870.
993 3191 1054 3272 Qui
1082 3211 1274 3276 quamquam

123 3301 293 3366 nonnullos
312 3299 438 3364 codices
453 3299 639 3365 Mobillonio
658 3301 787 3384 ignotos
807 3300 963 3377 adhibuit,
978 3305 1083 3364 tamen
1100 3320 1159 3365 non
1180 3299 1274 3366 modo

123 3409 201 3472 nibil
223 3407 362 3490 proiecit
384 3407 416 3470 in
441 3409 529 3471 textu
558 3407 733 3490 purgando,
758 3407 814 3471 sed
842 3407 1024 3488 ubicunque
1048 3426 1066 3471 a
1088 3407 1275 3471 Mabillonio

123 3515 253 3592 recedit,
278 3533 351 3578 cunr
374 3514 503 3578 nimiam
528 3514 622 3578 fidem
642 3514 757 3578 habeat
776 3513 940 3579 codicibus
964 3514 1172 3596 interpolatis,
1199 3533 1275 3597 quo-

123 3641 192 3686 rum
226 3621 414 3685 deterrimus
448 3619 656 3685 Caduinonsis
690 3621 732 3686 39
765 3641 791 3686 s.
824 3621 911 3698 XllI,
945 3620 983 3684 de
1016 3639 1078 3702 quo
1112 3620 1274 3703 disputaui

123 3727 262 3792 rldcmo.
288 3725 332 3790 ΙΙ
343 3748 379 3807 p.
405 3733 450 3790 50
467 3747 517 3804 sa,
539 3729 567 3792 ei
586 3728 639 3794 uel
659 3729 794 3792 marimo
812 3729 974 3810 probetur,
993 3729 1116 3790 textum
1134 3727 1274 3790 uitiauit.

123 3835 190 3900 Nec
217 3835 321 3900 multe
350 3835 473 3900 felicior
501 3854 594 3917 quam
623 3835 653 3898 in
684 3835 844 3900 Antonino
872 3835 935 3900 fnit
962 3836 993 3898 in
1016 3833 1146 3898 Arcullo
1169 3852 1274 3896 recen·

123 3941 220 4006 sendo
238 3939 397 4016 Toblercs,
413 3960 604 4024 quamquam
625 3941 735 4006 multis
756 3941 919 4007 codicibus
939 3941 970 4004 in
985 3940 1090 4004 lucem
1105 3940 1274 4022 protractis

123 4068 197 4112 eum
230 4065 303 4112 curn
338 4047 375 4111 do
409 4048 566 4112 uniuersis
599 4049 770 4113 Itineribus
802 4045 1103 4131 Hierosolymitanis
1136 4051 1205 4110 tum
1236 4047 1274 4110 de

122 4153 253 4218 Arcnllo
274 4154 353 4218 bene
372 4156 527 4220 meruisse
546 4175 608 4220 non
629 4159 678 4220 est
696 4155 906 4220 infitiandum.
927 4155 1049 4235 Quodsi
1068 4154 1179 4218 Jorncs
1192 4153 1275 4217 Rosc

122 4260 346 4340 Macrrbcrsom
367 4263 422 4344 qni
438 4263 615 4328 ddamnani
634 4263 826 4345 opusculum
850 4261 972 4346 anglice
996 4262 1102 4337 uertit,
1123 4259 1275 4343 Pilqrims

125 4367 202 4432 cht
219 4363 343 4450 Socicty
361 4373 381 4432 i.
402 4368 445 4432 X.
466 4374 568 4445 1389,
588 4387 649 4433 non
673 4369 751 4434 satis
771 4369 940 4434 habuisset
958 4368 1128 4432 editionem
1149 4367 1274 4432 Tobleri
