3125 4942
457 442 484 499 S.
513 440 668 497 Siluiae
696 442 977 513 peregrinatio
1255 446 1298 508 39

150 656 242 719 quam
272 635 512 721 perueniremus
540 635 581 700 ad
607 638 748 701 montem
771 636 843 717 Dei,
866 636 931 701 iarn
959 637 1167 703 referentibus
1195 637 1298 703 fratri·

149 747 207 811 bus
236 760 458 827 cognoueram,
482 744 515 807 et
537 744 707 827 postquam
731 742 777 808 ibi
799 744 941 828 perueni,
963 744 1010 809 ita
1033 762 1103 809 esse
1126 744 1296 809 manifeste

149 852 295 937 eoguoui.

189 958 258 1025 Nos
283 976 359 1043 ergo
387 956 519 1023 sabbato
549 975 619 1022 sera
645 957 781 1041 ingressi
811 976 923 1023 sumus
947 960 1102 1035 montem,
1128 960 1161 1023 et
1187 961 1341 1041 perae-3

125 1066 269 1131 seientes
310 1064 349 1130 ad
385 1064 576 1129 monasteria
607 1064 760 1147 quaedam
798 1070 1009 1147 susceperunt
1042 1084 1101 1130 uos
1136 1064 1183 1129 ibi
1218 1064 1297 1130 satis

147 1173 285 1237 humane
317 1170 474 1247 monaehi,
507 1171 563 1253 qui
594 1170 639 1235 ibi
667 1171 953 1249 commorabantur,
986 1172 1173 1256 praebentes
1205 1172 1297 1237 nobis

148 1296 274 1344 omnem
296 1275 541 1353 humanitatem
567 1295 639 1341 nam
664 1280 696 1343 et
718 1277 856 1343 eeclesia
877 1278 923 1341 ibi
941 1280 993 1341 est
1011 1296 1084 1343 oum
1103 1277 1297 1362 presbytero.

147 1385 194 1449 Ibi
214 1402 290 1469 ergo
314 1383 491 1449 mansimus
514 1383 546 1447 in
565 1402 602 1449 ea
625 1386 717 1449 noete
738 1388 770 1449 et
793 1383 865 1449 inde
888 1384 1046 1449 maturius
1066 1384 1117 1449 die
1141 1384 1298 1451 dominica

148 1510 219 1557 eum
252 1492 323 1575 ipso
357 1491 539 1573 presbytero
573 1494 605 1555 et
636 1492 812 1569 monachis,
846 1492 902 1575 qui
934 1492 979 1555 ibi
1013 1492 1296 1568 commorabantur,

107 1598 312 1682 incoepimus
332 1596 500 1663 ascendere
519 1600 643 1663 montes
669 1598 826 1683 singulos.
850 1596 913 1677 Qui
935 1601 1060 1664 montes
1079 1616 1153 1663 eum
1174 1598 1296 1664 infinito

146 1705 255 1770 labore
279 1704 501 1783 ascenduntur,
525 1704 673 1787 quoniam
697 1724 758 1771 non
780 1724 835 1771 eos
859 1705 949 1771 subis
971 1706 1055 1770 lente
1080 1714 1113 1769 et
1134 1706 1219 1770 lente
1242 1725 1298 1788 per

148 1814 264 1897 girum,
293 1814 330 1875 ut
353 1812 490 1877 dicimus
517 1812 548 1875 in
574 1811 709 1890 oooleas,
740 1812 796 1877 sed
824 1814 930 1877 toturn
958 1812 999 1877 ad
1022 1812 1180 1878 direptum
1207 1813 1297 1878 subis

148 1939 182 1985 ao
201 1918 230 1985 si
248 1937 305 2001 per
323 1918 475 2003 parietem
492 1922 525 1984 et
543 1919 582 1983 ad
600 1918 755 1983 directum
771 1917 923 1983 descendi
940 1938 1070 1984 neeesse
1085 1923 1134 1983 est
1153 1920 1297 2003 singulos

147 2026 234 2110 ipsos
266 2028 402 2104 montes,
440 2025 538 2091 donee
571 2024 738 2109 peruenias
770 2024 811 2089 ad
842 2025 980 2090 radicem
1016 2026 1175 2108 propriam
1207 2026 1297 2091 illius

108 2132 295 2211 remediari,
319 2132 374 2215 qui
397 2135 448 2197 est
471 2131 618 2215 specialis
643 2130 736 2215 Syna.
759 2131 829 2197 Hae
853 2133 900 2197 sie
924 2151 999 2217 ergo
1022 2131 1151 2197 iubente
1170 2132 1296 2199 Christo
1319 2136 1340 2199 2

147 2240 213 2305 Deo
245 2242 353 2305 nostro
386 2238 495 2303 adiuta
523 2237 718 2303 orationibus
751 2242 943 2317 sanctorum,
971 2238 1027 2321 qui
1054 2239 1296 2314 comitabantur,

148 2346 248 2411 etsie
272 2364 345 2410 eum
374 2343 484 2429 grauffl
507 2345 623 2419 labore,
648 2345 721 2428 quia
744 2344 880 2427 podibus
903 2364 955 2410 me
979 2344 1144 2410 ascendere
1168 2364 1297 2411 neeesse

149 2455 224 2530 erat,
252 2451 341 2535 (quia
367 2470 497 2535 prorsus
526 2470 583 2517 nee
610 2451 642 2516 in
671 2450 750 2516 sella
778 2451 905 2516 ascendi
930 2454 1067 2533 poterat,
1094 2454 1200 2517 tamen
1228 2453 1297 2537 ipse

148 2559 236 2623 labor
254 2577 315 2623 non
335 2558 540 2635 sentiebatur,
560 2578 595 2621 er
615 2576 652 2622 ea
669 2561 758 2639 parte
778 2561 966 2624 autemnon
985 2558 1181 2625 sentiebatur
1198 2560 1296 2638 labor,

107 2688 131 2725 io
149 2666 222 2747 quia
246 2664 445 2742 desiderium,
474 2664 559 2747 quod
586 2663 752 2743 habebam,
781 2664 912 2729 iubente
934 2664 1013 2738 Deo,
1040 2664 1190 2730 uidebam
1213 2686 1297 2732 eom-

148 2770 253 2857 pleri):
293 2772 370 2837 hora
402 2790 476 2855 ergo
511 2774 622 2853 quarta
653 2771 859 2853 paruerimus
892 2772 925 2836 in
958 2773 1175 2837 summitatem
1206 2774 1297 2839 illam

148 2881 265 2945 ruentis
288 2878 349 2943 Dei
378 2878 478 2944 saneti
502 2876 596 2961 Syna,
625 2878 681 2941 ubi
705 2877 779 2943 data
803 2881 853 2942 est
879 2878 940 2954 lex,
968 2878 1000 2942 in
1025 2898 1061 2943 eo
1085 2879 1119 2943 id
1141 2882 1191 2945 est
1214 2882 1296 2958 loeo,

150 2986 202 3050 ubi
220 2984 387 3049 descendit
403 2984 555 3049 maiestas
575 2984 702 3050 Domini
726 2984 757 3049 iu
778 3004 816 3049 aa
833 2984 894 3063 die,
914 3003 977 3065 qua
994 3004 1085 3051 mons
1108 2986 1295 3071 fumigabat.

150 3092 183 3156 In
210 3110 247 3156 eo
277 3110 350 3175 ergo
379 3091 449 3156 loco
478 3092 528 3155 est
555 3108 637 3155 nune
665 3089 801 3155 ecelesia
826 3108 887 3153 nou
920 3089 1059 3175 grandis,
1087 3092 1236 3173 quoniam
1264 3095 1339 3160 et3

113 3198 216 3280 seipse
247 3198 349 3275 locus,
380 3197 413 3262 id
442 3199 492 3263 est
520 3195 688 3262 summitas
717 3196 846 3272 montis,
878 3214 940 3261 nou
968 3196 1047 3260 satis
1075 3198 1203 3281 grandis
1231 3202 1294 3275 est3

153 3324 227 3385 quae
250 3308 356 3369 tamen
376 3302 512 3369 eeclesia
533 3303 630 3369 habet
649 3301 687 3367 de
710 3321 744 3367 se
769 3303 902 3387 gretiam
925 3302 1086 3387 grandem.
1110 3302 1191 3369 Cum
1209 3324 1295 3390 ergo,
1319 3310 1339 3372 4

153 3408 276 3475 iubente
303 3411 381 3489 Deo,
409 3410 667 3495 persubissemus
694 3410 726 3475 in
753 3409 826 3493 ipsa
853 3408 1048 3487 summitate,
1077 3413 1110 3474 et
1135 3412 1295 3493 peruenis-

155 3536 255 3582 semus
279 3516 318 3583 ad
346 3516 486 3583 hostium
510 3517 611 3600 ipsius
635 3514 799 3595 ecelesiae,
824 3534 896 3580 ecoe
920 3518 953 3579 et
976 3514 1112 3581 occurrit
1133 3517 1296 3600 presbyter

155 3624 278 3689 ueniens
299 3622 304 3709 Ι
326 3624 363 3689 de
396 3623 588 3689 monasterio
622 3642 691 3701 suo,
720 3622 775 3705 qui
802 3620 865 3704 ipsi
893 3620 1046 3686 eeclesiae
1073 3620 1295 3705 deputabatur,
1342 3620 1408 3710 [33]

119 3748 141 3787 so
157 3747 242 3794 senen
272 3731 395 3815 integer
423 3732 456 3794 et
486 3730 660 3795 monachus
689 3748 707 3793 a
738 3728 840 3812 prima
867 3728 946 3805 uita,
975 3732 1007 3793 et
1039 3730 1076 3792 ut
1107 3728 1158 3791 bie
1186 3727 1296 3793 dieunt

238 3992 272 4046 23
290 3992 324 4047 oi.
344 3990 428 4049 Eroti.
449 3991 490 4053 19,
512 3990 545 4045 18

192 4120 324 4211 {ronedum
333 4142 359 4196 A
396 4143 411 4194 7
423 4140 572 4212 presbitero
581 4140 621 4205 A;
637 4140 732 4193 eadem
742 4139 942 4209 ortbopropbio
955 4156 1059 4209 eerrrper
1096 4139 1129 4195 10
1140 4141 1259 4209 cepimus
1268 4140 1294 4193 A

162 4228 229 4282 etsie
236 4231 353 4299 passim
367 4230 449 4311 buius
463 4230 541 4285 uerbi
555 4227 757 4297 ortbopropbio
770 4234 810 4282 est
823 4228 903 4282 ruodo
916 4228 983 4297 cepi,
998 4228 1078 4283 modo
1089 4229 1148 4301 cepi
1187 4230 1219 4283 15
1234 4230 1292 4297 qui]

166 4364 208 4417 que
225 4355 250 4407 A
305 4356 340 4411 22
358 4322 418 4411 loeb
437 4358 464 4410 A
518 4357 552 4411 26
573 4354 695 4424 eeclesia,
714 4354 755 4407 sie
773 4353 855 4407 eriam
874 4354 955 4413 40,9
1010 4354 1044 4407 28
1064 4354 1177 4408 ecclesie
1195 4355 1223 4408 A
