<?xml version="1.0" encoding="UTF-8"?>
<!DOCTYPE html PUBLIC "-//W3C//DTD XHTML 1.0 Transitional//EN"
    "http://www.w3.org/TR/xhtml1/DTD/xhtml1-transitional.dtd">
<html xmlns="http://www.w3.org/1999/xhtml" xml:lang="en" lang="en">
 <head>
  <title>
</title>
<meta http-equiv="Content-Type" content="text/html;charset=utf-8" />
  <meta name='ocr-system' content='tesseract 3.04.00' />
  <meta name='ocr-capabilities' content='ocr_page ocr_carea ocr_par ocr_line ocrx_word'/>
</head>
<body>
  <div class='ocr_page' id='page_1' title='image "./corpusscriptoru17wissgoog_0264.png"; bbox 0 0 3125 4942; ppageno 0'>
   <div class='ocr_carea' id='block_1_1' title="bbox 278 450 1134 545">
    <p class='ocr_par' dir='ltr' id='par_1_1' title="bbox 278 450 1134 545">
     <span class='ocr_line' id='line_1_1' title="bbox 278 450 1134 545; baseline -0.004 -13"><span class='ocrx_word' id='word_1_1' title='bbox 278 479 342 541; x_wconf 84' lang='grc'>198</span> <span class='ocrx_word' id='word_1_2' title='bbox 486 450 489 455; x_wconf 25' lang='lat'><strong>¹</strong></span> <span class='ocrx_word' id='word_1_3' title='bbox 576 474 733 529; x_wconf 88' lang='lat' dir='ltr'>Itinera</span> <span class='ocrx_word' id='word_1_4' title='bbox 760 474 1134 545; x_wconf 78' lang='lat' dir='ltr'>Hierosolymitaua</span> 
     </span>
    </p>
   </div>
   <div class='ocr_carea' id='block_1_2' title="bbox 235 669 1554 3955">
    <p class='ocr_par' dir='ltr' id='par_1_2' title="bbox 276 669 1554 2354">
     <span class='ocr_line' id='line_1_2' title="bbox 276 669 1429 754; baseline 0.002 -19"><span class='ocrx_word' id='word_1_5' title='bbox 276 684 361 735; x_wconf 87' lang='lat' dir='ltr'>mare</span> <span class='ocrx_word' id='word_1_6' title='bbox 391 672 423 735; x_wconf 85' lang='lat' dir='ltr'>et</span> <span class='ocrx_word' id='word_1_7' title='bbox 453 669 625 753; x_wconf 81' lang='lat' dir='ltr'>pertransit</span> <span class='ocrx_word' id='word_1_8' title='bbox 656 672 762 735; x_wconf 89' lang='lat' dir='ltr'>totum</span> <span class='ocrx_word' id='word_1_9' title='bbox 794 670 891 734; x_wconf 82' lang='lat' dir='ltr'>maris</span> <span class='ocrx_word' id='word_1_10' title='bbox 923 670 1073 754; x_wconf 84' lang='lat' dir='ltr'>pelagum</span> <span class='ocrx_word' id='word_1_11' title='bbox 1107 690 1208 754; x_wconf 89' lang='lat' dir='ltr'>usque</span> <span class='ocrx_word' id='word_1_12' title='bbox 1241 672 1302 736; x_wconf 90' lang='lat' dir='ltr'>alio</span> <span class='ocrx_word' id='word_1_13' title='bbox 1335 674 1429 738; x_wconf 89' lang='lat' dir='ltr'>litore</span> 
     </span>
     <span class='ocr_line' id='line_1_3' title="bbox 276 776 1429 860; baseline 0.003 -18"><span class='ocrx_word' id='word_1_14' title='bbox 276 779 385 843; x_wconf 86' lang='lat' dir='ltr'>maris.</span> <span class='ocrx_word' id='word_1_15' title='bbox 422 777 631 843; x_wconf 86' lang='lat' dir='ltr'>Reuertentes</span> <span class='ocrx_word' id='word_1_16' title='bbox 655 779 729 860; x_wconf 90' lang='lat' dir='ltr'>post</span> <span class='ocrx_word' id='word_1_17' title='bbox 752 796 809 841; x_wconf 94' lang='lat' dir='ltr'>nos</span> <span class='ocrx_word' id='word_1_18' title='bbox 832 776 979 842; x_wconf 87' lang='lat' dir='ltr'>uenimus</span> <span class='ocrx_word' id='word_1_19' title='bbox 1004 776 1183 857; x_wconf 82' lang='lat' dir='ltr'>odiorum,</span> <span class='ocrx_word' id='word_1_20' title='bbox 1207 780 1263 845; x_wconf 92' lang='lat' dir='ltr'>ubi</span> <span class='ocrx_word' id='word_1_21' title='bbox 1286 780 1429 846; x_wconf 88' lang='lat' dir='ltr'>Iordanis</span> 
     </span>
     <span class='ocr_line' id='line_1_4' title="bbox 278 882 1428 968; baseline 0.002 -19"><span class='ocrx_word' id='word_1_22' title='bbox 278 886 316 949; x_wconf 91' lang='lat' dir='ltr'>de</span> <span class='ocrx_word' id='word_1_23' title='bbox 338 903 425 949; x_wconf 84' lang='lat' dir='ltr'>mare</span> <span class='ocrx_word' id='word_1_24' title='bbox 448 884 619 968; x_wconf 81' lang='lat' dir='ltr'>egreditur,</span> <span class='ocrx_word' id='word_1_25' title='bbox 637 882 846 949; x_wconf 88' lang='lat' dir='ltr'>trausiuimus</span> <span class='ocrx_word' id='word_1_26' title='bbox 864 883 1028 949; x_wconf 79' lang='lat' dir='ltr'>Iordanem</span> <span class='ocrx_word' id='word_1_27' title='bbox 1048 885 1080 949; x_wconf 93' lang='lat' dir='ltr'>iu</span> <span class='ocrx_word' id='word_1_28' title='bbox 1099 886 1170 967; x_wconf 89' lang='lat' dir='ltr'>ipso</span> <span class='ocrx_word' id='word_1_29' title='bbox 1193 885 1264 953; x_wconf 87' lang='lat' dir='ltr'>loco</span> <span class='ocrx_word' id='word_1_30' title='bbox 1288 890 1321 951; x_wconf 88' lang='lat' dir='ltr'>et</span> <span class='ocrx_word' id='word_1_31' title='bbox 1343 888 1428 951; x_wconf 92' lang='lat' dir='ltr'>ueni-</span> 
     </span>
     <span class='ocr_line' id='line_1_5' title="bbox 276 989 1428 1076; baseline 0.001 -20"><span class='ocrx_word' id='word_1_32' title='bbox 276 1010 349 1056; x_wconf 85' lang='lat' dir='ltr'>mus</span> <span class='ocrx_word' id='word_1_33' title='bbox 381 991 413 1055; x_wconf 91' lang='lat' dir='ltr'>in</span> <span class='ocrx_word' id='word_1_34' title='bbox 447 990 622 1069; x_wconf 84' lang='lat' dir='ltr'>ciuitatem,</span> <span class='ocrx_word' id='word_1_35' title='bbox 656 1009 736 1073; x_wconf 88' lang='lat' dir='ltr'>quae</span> <span class='ocrx_word' id='word_1_36' title='bbox 769 994 904 1055; x_wconf 87' lang='lat' dir='ltr'>uocatur</span> <span class='ocrx_word' id='word_1_37' title='bbox 931 989 1086 1069; x_wconf 84' lang='lat' dir='ltr'>Gaddera,</span> <span class='ocrx_word' id='word_1_38' title='bbox 1120 1011 1201 1076; x_wconf 87' lang='lat' dir='ltr'>quae</span> <span class='ocrx_word' id='word_1_39' title='bbox 1234 996 1267 1057; x_wconf 88' lang='lat' dir='ltr'>et</span> <span class='ocrx_word' id='word_1_40' title='bbox 1299 991 1428 1057; x_wconf 82' lang='lat' dir='ltr'><strong>Gabaon</strong></span> 
     </span>
     <span class='ocr_line' id='line_1_6' title="bbox 278 1096 1472 1182; baseline -0.003 -20"><span class='ocrx_word' id='word_1_41' title='bbox 278 1098 404 1163; x_wconf 85' lang='lat' dir='ltr'>dicitur.</span> <span class='ocrx_word' id='word_1_42' title='bbox 428 1098 464 1162; x_wconf 94' lang='lat' dir='ltr'>In</span> <span class='ocrx_word' id='word_1_43' title='bbox 483 1097 547 1161; x_wconf 88' lang='lat' dir='ltr'>ista</span> <span class='ocrx_word' id='word_1_44' title='bbox 564 1099 654 1180; x_wconf 85' lang='lat' dir='ltr'>parte</span> <span class='ocrx_word' id='word_1_45' title='bbox 672 1096 815 1162; x_wconf 89' lang='lat' dir='ltr'>ciuitatis</span> <span class='ocrx_word' id='word_1_46' title='bbox 835 1096 969 1163; x_wconf 87' lang='lat' dir='ltr'>miliario</span> <span class='ocrx_word' id='word_1_47' title='bbox 989 1099 1083 1163; x_wconf 85' lang='lat' dir='ltr'>tertio</span> <span class='ocrx_word' id='word_1_48' title='bbox 1103 1101 1179 1164; x_wconf 91' lang='lat' dir='ltr'>sunt</span> <span class='ocrx_word' id='word_1_49' title='bbox 1197 1118 1297 1182; x_wconf 88' lang='lat' dir='ltr'>aquae</span> <span class='ocrx_word' id='word_1_50' title='bbox 1316 1100 1429 1178; x_wconf 87' lang='lat' dir='ltr'>calide,</span> <span class='ocrx_word' id='word_1_51' title='bbox 1459 1118 1472 1158; x_wconf 83' lang='lat' dir='ltr'>a</span> 
     </span>
     <span class='ocr_line' id='line_1_7' title="bbox 278 1204 1430 1289; baseline 0.003 -20"><span class='ocrx_word' id='word_1_52' title='bbox 278 1223 360 1287; x_wconf 89' lang='lat' dir='ltr'>quae</span> <span class='ocrx_word' id='word_1_53' title='bbox 387 1204 588 1287; x_wconf 86' lang='lat' dir='ltr'>appellantur</span> <span class='ocrx_word' id='word_1_54' title='bbox 613 1207 731 1269; x_wconf 84' lang='lat' dir='ltr'>termas</span> <span class='ocrx_word' id='word_1_55' title='bbox 758 1204 882 1281; x_wconf 81' lang='lat' dir='ltr'>Heliae,</span> <span class='ocrx_word' id='word_1_56' title='bbox 911 1204 966 1269; x_wconf 92' lang='lat' dir='ltr'>ubi</span> <span class='ocrx_word' id='word_1_57' title='bbox 994 1206 1112 1289; x_wconf 87' lang='lat' dir='ltr'>leprosi</span> <span class='ocrx_word' id='word_1_58' title='bbox 1144 1206 1351 1285; x_wconf 88' lang='lat' dir='ltr'>mundantur;</span> <span class='ocrx_word' id='word_1_59' title='bbox 1385 1208 1430 1273; x_wconf 86' lang='lat' dir='ltr'>ibi</span> 
     </span>
     <span class='ocr_line' id='line_1_8' title="bbox 279 1309 1431 1394; baseline 0 -17"><span class='ocrx_word' id='word_1_60' title='bbox 279 1315 311 1377; x_wconf 87' lang='lat' dir='ltr'>et</span> <span class='ocrx_word' id='word_1_61' title='bbox 334 1310 566 1394; x_wconf 79' lang='lat' dir='ltr'>synodochium</span> <span class='ocrx_word' id='word_1_62' title='bbox 589 1309 719 1374; x_wconf 89' lang='lat' dir='ltr'>delicias</span> <span class='ocrx_word' id='word_1_63' title='bbox 744 1310 782 1373; x_wconf 87' lang='lat' dir='ltr'>de</span> <span class='ocrx_word' id='word_1_64' title='bbox 807 1309 935 1393; x_wconf 89' lang='lat' dir='ltr'>publico</span> <span class='ocrx_word' id='word_1_65' title='bbox 959 1309 1090 1388; x_wconf 82' lang='lat' dir='ltr'>habens,</span> <span class='ocrx_word' id='word_1_66' title='bbox 1115 1315 1148 1376; x_wconf 86' lang='lat' dir='ltr'>et</span> <span class='ocrx_word' id='word_1_67' title='bbox 1172 1331 1226 1376; x_wconf 88' lang='lat' dir='ltr'>ora</span> <span class='ocrx_word' id='word_1_68' title='bbox 1248 1314 1431 1394; x_wconf 88' lang='lat' dir='ltr'>uespertina</span> 
     </span>
     <span class='ocr_line' id='line_1_9' title="bbox 277 1416 1431 1502; baseline 0.001 -19"><span class='ocrx_word' id='word_1_69' title='bbox 277 1418 471 1483; x_wconf 89' lang='lat' dir='ltr'>mundantur</span> <span class='ocrx_word' id='word_1_70' title='bbox 501 1420 632 1483; x_wconf 84' lang='lat' dir='ltr'>termae.</span> <span class='ocrx_word' id='word_1_71' title='bbox 672 1417 756 1481; x_wconf 76' lang='lat' dir='ltr'>Ante</span> <span class='ocrx_word' id='word_1_72' title='bbox 788 1416 895 1499; x_wconf 92' lang='lat' dir='ltr'>ipsum</span> <span class='ocrx_word' id='word_1_73' title='bbox 926 1436 1002 1481; x_wconf 91' lang='lat' dir='ltr'>uero</span> <span class='ocrx_word' id='word_1_74' title='bbox 1035 1417 1202 1501; x_wconf 75' lang='lat' dir='ltr'>clybanum</span> <span class='ocrx_word' id='word_1_75' title='bbox 1236 1418 1353 1502; x_wconf 87' lang='lat' dir='ltr'>grande</span> <span class='ocrx_word' id='word_1_76' title='bbox 1382 1423 1431 1485; x_wconf 89' lang='lat' dir='ltr'>est</span> 
     </span>
     <span class='ocr_line' id='line_1_10' title="bbox 278 1523 1432 1608; baseline 0.001 -19"><span class='ocrx_word' id='word_1_77' title='bbox 278 1524 406 1603; x_wconf 92' lang='lat' dir='ltr'>solium,</span> <span class='ocrx_word' id='word_1_78' title='bbox 430 1524 485 1607; x_wconf 90' lang='lat' dir='ltr'>qui</span> <span class='ocrx_word' id='word_1_79' title='bbox 513 1523 590 1588; x_wconf 93' lang='lat' dir='ltr'>dum</span> <span class='ocrx_word' id='word_1_80' title='bbox 617 1524 786 1608; x_wconf 91' lang='lat' dir='ltr'>impletum</span> <span class='ocrx_word' id='word_1_81' title='bbox 813 1523 920 1603; x_wconf 88' lang='lat' dir='ltr'>fuerit,</span> <span class='ocrx_word' id='word_1_82' title='bbox 945 1524 1051 1588; x_wconf 90' lang='lat' dir='ltr'>omnia</span> <span class='ocrx_word' id='word_1_83' title='bbox 1078 1524 1161 1589; x_wconf 91' lang='lat' dir='ltr'>ostia</span> <span class='ocrx_word' id='word_1_84' title='bbox 1184 1524 1376 1590; x_wconf 87' lang='lat' dir='ltr'>clauduntur</span> <span class='ocrx_word' id='word_1_85' title='bbox 1398 1530 1432 1590; x_wconf 86' lang='lat' dir='ltr'>et</span> 
     </span>
     <span class='ocr_line' id='line_1_11' title="bbox 278 1630 1474 1715; baseline -0.002 -19"><span class='ocrx_word' id='word_1_86' title='bbox 278 1650 336 1715; x_wconf 87' lang='lat' dir='ltr'>per</span> <span class='ocrx_word' id='word_1_87' title='bbox 361 1630 479 1696; x_wconf 89' lang='lat' dir='ltr'>ostium</span> <span class='ocrx_word' id='word_1_88' title='bbox 507 1630 680 1695; x_wconf 85' lang='lat' dir='ltr'>mittuntur</span> <span class='ocrx_word' id='word_1_89' title='bbox 709 1632 797 1695; x_wconf 92' lang='lat' dir='ltr'>intus</span> <span class='ocrx_word' id='word_1_90' title='bbox 830 1649 902 1695; x_wconf 89' lang='lat' dir='ltr'>oum</span> <span class='ocrx_word' id='word_1_91' title='bbox 935 1630 1105 1696; x_wconf 87' lang='lat' dir='ltr'>luminaria</span> <span class='ocrx_word' id='word_1_92' title='bbox 1136 1633 1169 1695; x_wconf 86' lang='lat' dir='ltr'>et</span> <span class='ocrx_word' id='word_1_93' title='bbox 1199 1632 1365 1697; x_wconf 89' lang='lat' dir='ltr'>incensum</span> <span class='ocrx_word' id='word_1_94' title='bbox 1399 1635 1432 1697; x_wconf 91' lang='lat' dir='ltr'>et</span> <span class='ocrx_word' id='word_1_95' title='bbox 1449 1654 1474 1694; x_wconf 88' lang='grc' dir='ltr'>ιο</span> 
     </span>
     <span class='ocr_line' id='line_1_12' title="bbox 279 1737 1432 1821; baseline 0.003 -20"><span class='ocrx_word' id='word_1_96' title='bbox 279 1737 390 1802; x_wconf 88' lang='lat' dir='ltr'>sedent</span> <span class='ocrx_word' id='word_1_97' title='bbox 411 1738 443 1803; x_wconf 93' lang='lat' dir='ltr'>in</span> <span class='ocrx_word' id='word_1_98' title='bbox 467 1738 523 1803; x_wconf 92' lang='lat' dir='ltr'>illo</span> <span class='ocrx_word' id='word_1_99' title='bbox 548 1738 629 1803; x_wconf 87' lang='lat' dir='ltr'>sollo</span> <span class='ocrx_word' id='word_1_100' title='bbox 651 1739 721 1802; x_wconf 87' lang='lat' dir='ltr'>tota</span> <span class='ocrx_word' id='word_1_101' title='bbox 743 1740 846 1803; x_wconf 89' lang='lat' dir='ltr'>nocte.</span> <span class='ocrx_word' id='word_1_102' title='bbox 870 1738 912 1803; x_wconf 82' lang='lat' dir='ltr'>Et</span> <span class='ocrx_word' id='word_1_103' title='bbox 935 1737 1011 1803; x_wconf 92' lang='lat' dir='ltr'>dum</span> <span class='ocrx_word' id='word_1_104' title='bbox 1036 1739 1177 1821; x_wconf 88' lang='lat' dir='ltr'>soporati</span> <span class='ocrx_word' id='word_1_105' title='bbox 1195 1738 1321 1817; x_wconf 79' lang='lat' dir='ltr'>fuerint,</span> <span class='ocrx_word' id='word_1_106' title='bbox 1341 1739 1432 1804; x_wconf 87' lang='lat' dir='ltr'>uidet</span> 
     </span>
     <span class='ocr_line' id='line_1_13' title="bbox 277 1844 1431 1928; baseline 0 -19"><span class='ocrx_word' id='word_1_107' title='bbox 277 1844 344 1923; x_wconf 88' lang='lat' dir='ltr'>ille,</span> <span class='ocrx_word' id='word_1_108' title='bbox 368 1845 423 1928; x_wconf 90' lang='lat' dir='ltr'>qui</span> <span class='ocrx_word' id='word_1_109' title='bbox 449 1845 622 1910; x_wconf 88' lang='lat' dir='ltr'>mundatus</span> <span class='ocrx_word' id='word_1_110' title='bbox 651 1844 875 1927; x_wconf 74' lang='lat' dir='ltr'>autaliquem</span> <span class='ocrx_word' id='word_1_111' title='bbox 902 1845 1069 1923; x_wconf 86' lang='lat' dir='ltr'>uisionem,</span> <span class='ocrx_word' id='word_1_112' title='bbox 1095 1848 1128 1909; x_wconf 88' lang='lat' dir='ltr'>et</span> <span class='ocrx_word' id='word_1_113' title='bbox 1156 1845 1230 1910; x_wconf 90' lang='lat' dir='ltr'>dum</span> <span class='ocrx_word' id='word_1_114' title='bbox 1260 1864 1329 1910; x_wconf 87' lang='lat' dir='ltr'>eam</span> <span class='ocrx_word' id='word_1_115' title='bbox 1353 1846 1431 1911; x_wconf 87' lang='lat' dir='ltr'>reci·</span> 
     </span>
     <span class='ocr_line' id='line_1_14' title="bbox 278 1951 1430 2035; baseline 0.003 -20"><span class='ocrx_word' id='word_1_116' title='bbox 278 1952 405 2031; x_wconf 84' lang='lat' dir='ltr'>tenerit,</span> <span class='ocrx_word' id='word_1_117' title='bbox 428 1971 490 2016; x_wconf 93' lang='lat' dir='ltr'>non</span> <span class='ocrx_word' id='word_1_118' title='bbox 518 1952 713 2017; x_wconf 88' lang='lat' dir='ltr'>mundantur</span> <span class='ocrx_word' id='word_1_119' title='bbox 738 1952 828 2035; x_wconf 88' lang='lat' dir='ltr'>ipsae</span> <span class='ocrx_word' id='word_1_120' title='bbox 856 1956 975 2017; x_wconf 88' lang='lat' dir='ltr'>termae</span> <span class='ocrx_word' id='word_1_121' title='bbox 1002 1972 1059 2035; x_wconf 91' lang='lat' dir='ltr'>per</span> <span class='ocrx_word' id='word_1_122' title='bbox 1077 1952 1138 2016; x_wconf 87' lang='lat' dir='ltr'>VII</span> <span class='ocrx_word' id='word_1_123' title='bbox 1167 1951 1244 2017; x_wconf 90' lang='lat' dir='ltr'>dies.</span> <span class='ocrx_word' id='word_1_124' title='bbox 1280 1952 1330 2017; x_wconf 86' lang='lat' dir='ltr'>Ibi</span> <span class='ocrx_word' id='word_1_125' title='bbox 1355 1970 1430 2019; x_wconf 88' lang='lat' dir='ltr'>uero</span> 
     </span>
     <span class='ocr_line' id='line_1_15' title="bbox 280 2057 1431 2145; baseline 0.002 -23"><span class='ocrx_word' id='word_1_126' title='bbox 280 2057 449 2123; x_wconf 88' lang='lat' dir='ltr'>defunctus</span> <span class='ocrx_word' id='word_1_127' title='bbox 473 2060 523 2123; x_wconf 88' lang='lat' dir='ltr'>est</span> <span class='ocrx_word' id='word_1_128' title='bbox 546 2059 670 2145; x_wconf 87' lang='lat' dir='ltr'>collega</span> <span class='ocrx_word' id='word_1_129' title='bbox 691 2063 800 2124; x_wconf 89' lang='lat' dir='ltr'>noster</span> <span class='ocrx_word' id='word_1_130' title='bbox 817 2058 973 2124; x_wconf 88' lang='lat' dir='ltr'>Iohannes</span> <span class='ocrx_word' id='word_1_131' title='bbox 998 2059 1036 2123; x_wconf 91' lang='lat' dir='ltr'>de</span> <span class='ocrx_word' id='word_1_132' title='bbox 1059 2060 1231 2124; x_wconf 79' lang='lat' dir='ltr'>Placentia.</span> <span class='ocrx_word' id='word_1_133' title='bbox 1255 2058 1338 2123; x_wconf 87' lang='lat' dir='ltr'>Nam</span> <span class='ocrx_word' id='word_1_134' title='bbox 1361 2060 1431 2143; x_wconf 89' lang='lat' dir='ltr'>ipse</span> 
     </span>
     <span class='ocr_line' id='line_1_16' title="bbox 278 2162 1554 2247; baseline -0.003 -20"><span class='ocrx_word' id='word_1_135' title='bbox 278 2162 397 2229; x_wconf 89' lang='lat' dir='ltr'>fluuius</span> <span class='ocrx_word' id='word_1_136' title='bbox 430 2164 563 2241; x_wconf 84' lang='lat' dir='ltr'>calidus,</span> <span class='ocrx_word' id='word_1_137' title='bbox 596 2166 651 2247; x_wconf 92' lang='lat' dir='ltr'>qui</span> <span class='ocrx_word' id='word_1_138' title='bbox 681 2170 815 2231; x_wconf 87' lang='lat' dir='ltr'>uocatur·</span> <span class='ocrx_word' id='word_1_139' title='bbox 848 2164 1002 2242; x_wconf 84' lang='lat' dir='ltr'>Geddera,</span> <span class='ocrx_word' id='word_1_140' title='bbox 1037 2165 1200 2230; x_wconf 90' lang='lat' dir='ltr'>descendit</span> <span class='ocrx_word' id='word_1_141' title='bbox 1237 2168 1360 2230; x_wconf 89' lang='lat' dir='ltr'>torrens</span> <span class='ocrx_word' id='word_1_142' title='bbox 1399 2170 1431 2230; x_wconf 91' lang='lat' dir='ltr'>et</span> <span class='ocrx_word' id='word_1_143' title='bbox 1448 2184 1474 2226; x_wconf 79' lang='lat' dir='ltr'>re</span> <span class='ocrx_word' id='word_1_144' title='bbox 1553 2186 1554 2223; x_wconf 72' lang='lat' dir='ltr'>r</span> 
     </span>
     <span class='ocr_line' id='line_1_17' title="bbox 279 2270 1430 2354; baseline 0 -19"><span class='ocrx_word' id='word_1_145' title='bbox 279 2272 376 2335; x_wconf 81' lang='lat' dir='ltr'>intrat</span> <span class='ocrx_word' id='word_1_146' title='bbox 398 2271 430 2335; x_wconf 92' lang='lat' dir='ltr'>in</span> <span class='ocrx_word' id='word_1_147' title='bbox 453 2272 619 2337; x_wconf 87' lang='lat' dir='ltr'>Iordanem</span> <span class='ocrx_word' id='word_1_148' title='bbox 643 2275 674 2337; x_wconf 87' lang='lat' dir='ltr'>et</span> <span class='ocrx_word' id='word_1_149' title='bbox 697 2291 734 2336; x_wconf 83' lang='lat' dir='ltr'>ex</span> <span class='ocrx_word' id='word_1_150' title='bbox 755 2270 826 2353; x_wconf 90' lang='lat' dir='ltr'>ipso</span> <span class='ocrx_word' id='word_1_151' title='bbox 852 2272 1022 2354; x_wconf 90' lang='lat' dir='ltr'>ampliatur</span> <span class='ocrx_word' id='word_1_152' title='bbox 1039 2272 1180 2337; x_wconf 86' lang='lat' dir='ltr'>Iordanis</span> <span class='ocrx_word' id='word_1_153' title='bbox 1205 2275 1238 2337; x_wconf 86' lang='lat' dir='ltr'>et</span> <span class='ocrx_word' id='word_1_154' title='bbox 1260 2273 1362 2336; x_wconf 90' lang='lat' dir='ltr'>maior</span> <span class='ocrx_word' id='word_1_155' title='bbox 1383 2271 1430 2336; x_wconf 89' lang='lat' dir='ltr'>fit.</span> 
     </span>
    </p>

    <p class='ocr_par' dir='ltr' id='par_1_3' title="bbox 235 2375 1553 3955">
     <span class='ocr_line' id='line_1_18' title="bbox 235 2375 1430 2461; baseline 0.001 -19"><span class='ocrx_word' id='word_1_156' title='bbox 235 2380 255 2443; x_wconf 90' lang='lat'>8</span> <span class='ocrx_word' id='word_1_157' title='bbox 323 2378 365 2442; x_wconf 80' lang='lat' dir='ltr'>Et</span> <span class='ocrx_word' id='word_1_158' title='bbox 383 2379 459 2442; x_wconf 91' lang='lat' dir='ltr'>tuno</span> <span class='ocrx_word' id='word_1_159' title='bbox 474 2376 696 2442; x_wconf 88' lang='lat' dir='ltr'>descendimus</span> <span class='ocrx_word' id='word_1_160' title='bbox 709 2397 765 2461; x_wconf 90' lang='lat' dir='ltr'>per</span> <span class='ocrx_word' id='word_1_161' title='bbox 780 2375 935 2441; x_wconf 82' lang='lat' dir='ltr'>Galileam</span> <span class='ocrx_word' id='word_1_162' title='bbox 955 2378 1042 2443; x_wconf 83' lang='lat' dir='ltr'>iuxta</span> <span class='ocrx_word' id='word_1_163' title='bbox 1055 2377 1208 2443; x_wconf 87' lang='lat' dir='ltr'>Iordanen</span> <span class='ocrx_word' id='word_1_164' title='bbox 1230 2382 1430 2443; x_wconf 85' lang='lat' dir='ltr'>transcuntes</span> 
     </span>
     <span class='ocr_line' id='line_1_19' title="bbox 278 2482 1430 2569; baseline 0.002 -22"><span class='ocrx_word' id='word_1_165' title='bbox 278 2485 399 2549; x_wconf 89' lang='lat' dir='ltr'>multas</span> <span class='ocrx_word' id='word_1_166' title='bbox 424 2484 583 2563; x_wconf 85' lang='lat' dir='ltr'>ciuitates,</span> <span class='ocrx_word' id='word_1_167' title='bbox 603 2503 683 2567; x_wconf 91' lang='lat' dir='ltr'>quae</span> <span class='ocrx_word' id='word_1_168' title='bbox 706 2482 866 2567; x_wconf 82' lang='lat' dir='ltr'>leguntur,</span> <span class='ocrx_word' id='word_1_169' title='bbox 887 2484 1033 2549; x_wconf 89' lang='lat' dir='ltr'>uenimus</span> <span class='ocrx_word' id='word_1_170' title='bbox 1056 2485 1087 2547; x_wconf 87' lang='lat' dir='ltr'>ln</span> <span class='ocrx_word' id='word_1_171' title='bbox 1113 2484 1244 2549; x_wconf 85' lang='lat' dir='ltr'>ciuitate</span> <span class='ocrx_word' id='word_1_172' title='bbox 1262 2486 1430 2569; x_wconf 81' lang='lat' dir='ltr'>metropoli</span> 
     </span>
     <span class='ocr_line' id='line_1_20' title="bbox 281 2589 1553 2683; baseline 0.002 -28"><span class='ocrx_word' id='word_1_173' title='bbox 281 2590 433 2669; x_wconf 83' lang='lat' dir='ltr'>Galilaea,</span> <span class='ocrx_word' id='word_1_174' title='bbox 453 2610 533 2674; x_wconf 84' lang='lat' dir='ltr'>quac</span> <span class='ocrx_word' id='word_1_175' title='bbox 556 2593 690 2656; x_wconf 90' lang='lat' dir='ltr'>uocatur</span> <span class='ocrx_word' id='word_1_176' title='bbox 708 2589 891 2672; x_wconf 85' lang='lat' dir='ltr'>Scitopolis,</span> <span class='ocrx_word' id='word_1_177' title='bbox 910 2590 940 2654; x_wconf 93' lang='lat' dir='ltr'>in</span> <span class='ocrx_word' id='word_1_178' title='bbox 965 2592 1073 2655; x_wconf 88' lang='lat' dir='ltr'>monte</span> <span class='ocrx_word' id='word_1_179' title='bbox 1092 2591 1206 2672; x_wconf 87' lang='lat' dir='ltr'>posita,</span> <span class='ocrx_word' id='word_1_180' title='bbox 1225 2592 1281 2656; x_wconf 92' lang='lat' dir='ltr'>ubi</span> <span class='ocrx_word' id='word_1_181' title='bbox 1301 2596 1429 2657; x_wconf 87' lang='lat' dir='ltr'>sanctus</span> <span class='ocrx_word' id='word_1_182' title='bbox 1552 2658 1553 2683; x_wconf 13' lang='grc' dir='ltr'>ἐ</span> 
     </span>
     <span class='ocr_line' id='line_1_21' title="bbox 280 2684 1553 2782; baseline -0.001 -20"><span class='ocrx_word' id='word_1_183' title='bbox 280 2698 398 2763; x_wconf 87' lang='lat' dir='ltr'>multae</span> <span class='ocrx_word' id='word_1_184' title='bbox 431 2699 579 2780; x_wconf 87' lang='lat' dir='ltr'>operatur</span> <span class='ocrx_word' id='word_1_185' title='bbox 604 2697 752 2762; x_wconf 87' lang='lat' dir='ltr'>uirtutes.</span> <span class='ocrx_word' id='word_1_186' title='bbox 794 2697 912 2762; x_wconf 81' lang='lat' dir='ltr'>Exinde</span> <span class='ocrx_word' id='word_1_187' title='bbox 940 2695 1161 2763; x_wconf 86' lang='lat' dir='ltr'>descendimus</span> <span class='ocrx_word' id='word_1_188' title='bbox 1190 2718 1246 2782; x_wconf 87' lang='lat' dir='ltr'>per</span> <span class='ocrx_word' id='word_1_189' title='bbox 1272 2699 1335 2764; x_wconf 90' lang='lat' dir='ltr'>alia</span> <span class='ocrx_word' id='word_1_190' title='bbox 1360 2699 1431 2764; x_wconf 92' lang='lat' dir='ltr'>loca</span> <span class='ocrx_word' id='word_1_191' title='bbox 1447 2718 1475 2761; x_wconf 78' lang='lat' dir='ltr'>ao</span> <span class='ocrx_word' id='word_1_192' title='bbox 1552 2684 1553 2711; x_wconf 62' lang='lat'>¹</span> 
     </span>
     <span class='ocr_line' id='line_1_22' title="bbox 282 2803 1431 2888; baseline 0.002 -20"><span class='ocrx_word' id='word_1_193' title='bbox 282 2803 441 2868; x_wconf 86' lang='lat' dir='ltr'>Samariae</span> <span class='ocrx_word' id='word_1_194' title='bbox 474 2806 507 2867; x_wconf 86' lang='lat' dir='ltr'>et</span> <span class='ocrx_word' id='word_1_195' title='bbox 537 2804 653 2868; x_wconf 89' lang='lat' dir='ltr'>Iudeae</span> <span class='ocrx_word' id='word_1_196' title='bbox 684 2803 716 2867; x_wconf 91' lang='lat' dir='ltr'>in</span> <span class='ocrx_word' id='word_1_197' title='bbox 749 2803 881 2868; x_wconf 85' lang='lat' dir='ltr'>ciuitate</span> <span class='ocrx_word' id='word_1_198' title='bbox 910 2803 1073 2882; x_wconf 85' lang='lat' dir='ltr'>Sabastea,</span> <span class='ocrx_word' id='word_1_199' title='bbox 1100 2804 1132 2867; x_wconf 93' lang='lat' dir='ltr'>in</span> <span class='ocrx_word' id='word_1_200' title='bbox 1166 2823 1229 2888; x_wconf 92' lang='lat' dir='ltr'>qua</span> <span class='ocrx_word' id='word_1_201' title='bbox 1260 2806 1431 2886; x_wconf 88' lang='lat' dir='ltr'>requiescit</span> 
     </span>
     <span class='ocr_line' id='line_1_23' title="bbox 280 2910 1431 2994; baseline 0.003 -21"><span class='ocrx_word' id='word_1_202' title='bbox 280 2910 432 2976; x_wconf 89' lang='lat' dir='ltr'>Heliseus</span> <span class='ocrx_word' id='word_1_203' title='bbox 455 2911 619 2994; x_wconf 84' lang='lat' dir='ltr'>propheta.</span> <span class='ocrx_word' id='word_1_204' title='bbox 648 2910 882 2975; x_wconf 85' lang='lat' dir='ltr'>Descendentes</span> <span class='ocrx_word' id='word_1_205' title='bbox 905 2930 961 2992; x_wconf 90' lang='lat' dir='ltr'>per</span> <span class='ocrx_word' id='word_1_206' title='bbox 984 2911 1182 2993; x_wconf 85' lang='lat' dir='ltr'>campestria,</span> <span class='ocrx_word' id='word_1_207' title='bbox 1207 2912 1354 2976; x_wconf 86' lang='lat' dir='ltr'>ciuitates</span> <span class='ocrx_word' id='word_1_208' title='bbox 1377 2912 1431 2976; x_wconf 88' lang='lat' dir='ltr'>uel</span> 
     </span>
     <span class='ocr_line' id='line_1_24' title="bbox 281 3017 1431 3099; baseline -0.002 -16"><span class='ocrx_word' id='word_1_209' title='bbox 281 3020 370 3085; x_wconf 91' lang='lat' dir='ltr'>nicos</span> <span class='ocrx_word' id='word_1_210' title='bbox 394 3017 662 3083; x_wconf 85' lang='lat' dir='ltr'>Samaritanomm</span> <span class='ocrx_word' id='word_1_211' title='bbox 692 3020 724 3081; x_wconf 89' lang='lat' dir='ltr'>et</span> <span class='ocrx_word' id='word_1_212' title='bbox 749 3017 883 3099; x_wconf 87' lang='lat' dir='ltr'>plateas,</span> <span class='ocrx_word' id='word_1_213' title='bbox 913 3018 995 3082; x_wconf 91' lang='lat' dir='ltr'>unde</span> <span class='ocrx_word' id='word_1_214' title='bbox 1025 3017 1242 3095; x_wconf 89' lang='lat' dir='ltr'>trausiuimus,</span> <span class='ocrx_word' id='word_1_215' title='bbox 1268 3017 1431 3083; x_wconf 86' lang='lat' dir='ltr'>uenientes</span> 
     </span>
     <span class='ocr_line' id='line_1_25' title="bbox 281 3110 1552 3208; baseline -0.002 -18"><span class='ocrx_word' id='word_1_216' title='bbox 281 3128 357 3208; x_wconf 86' lang='lat' dir='ltr'>post</span> <span class='ocrx_word' id='word_1_217' title='bbox 378 3142 435 3189; x_wconf 93' lang='lat' dir='ltr'>nos</span> <span class='ocrx_word' id='word_1_218' title='bbox 454 3124 573 3202; x_wconf 88' lang='lat' dir='ltr'>Iudaei,</span> <span class='ocrx_word' id='word_1_219' title='bbox 593 3142 666 3187; x_wconf 89' lang='lat' dir='ltr'>cum</span> <span class='ocrx_word' id='word_1_220' title='bbox 683 3125 792 3206; x_wconf 88' lang='lat' dir='ltr'>paleas</span> <span class='ocrx_word' id='word_1_221' title='bbox 812 3124 950 3207; x_wconf 83' lang='lat' dir='ltr'>uestIgia</span> <span class='ocrx_word' id='word_1_222' title='bbox 968 3126 1077 3189; x_wconf 90' lang='lat' dir='ltr'>nostra</span> <span class='ocrx_word' id='word_1_223' title='bbox 1094 3122 1307 3189; x_wconf 87' lang='lat' dir='ltr'>incendentes.</span> <span class='ocrx_word' id='word_1_224' title='bbox 1332 3124 1432 3188; x_wconf 84' lang='lat' dir='ltr'>Tanta</span> <span class='ocrx_word' id='word_1_225' title='bbox 1551 3110 1552 3159; x_wconf 63' lang='lat'>³</span> 
     </span>
     <span class='ocr_line' id='line_1_26' title="bbox 280 3229 1473 3313; baseline -0.005 -15"><span class='ocrx_word' id='word_1_226' title='bbox 280 3233 348 3298; x_wconf 91' lang='lat' dir='ltr'>illis</span> <span class='ocrx_word' id='word_1_227' title='bbox 381 3234 431 3295; x_wconf 87' lang='lat' dir='ltr'>est</span> <span class='ocrx_word' id='word_1_228' title='bbox 462 3230 635 3295; x_wconf 80' lang='lat' dir='ltr'>exsecratio</span> <span class='ocrx_word' id='word_1_229' title='bbox 667 3230 827 3312; x_wconf 86' lang='lat' dir='ltr'>utrisque;</span> <span class='ocrx_word' id='word_1_230' title='bbox 866 3230 1046 3293; x_wconf 86' lang='lat' dir='ltr'>christianis</span> <span class='ocrx_word' id='word_1_231' title='bbox 1084 3229 1212 3311; x_wconf 87' lang='lat' dir='ltr'>quidam</span> <span class='ocrx_word' id='word_1_232' title='bbox 1243 3247 1431 3313; x_wconf 87' lang='lat' dir='ltr'>responsum</span> <span class='ocrx_word' id='word_1_233' title='bbox 1448 3250 1473 3292; x_wconf 78' lang='lat' dir='ltr'>aa</span> 
     </span>
     <span class='ocr_line' id='line_1_27' title="bbox 280 3336 1430 3420; baseline -0.004 -15"><span class='ocrx_word' id='word_1_234' title='bbox 280 3340 412 3405; x_wconf 83' lang='lat' dir='ltr'>iaciunt.</span> <span class='ocrx_word' id='word_1_235' title='bbox 453 3336 614 3413; x_wconf 83' lang='lat' dir='ltr'>Attamen,</span> <span class='ocrx_word' id='word_1_236' title='bbox 641 3340 689 3415; x_wconf 87' lang='lat' dir='ltr'>ut,</span> <span class='ocrx_word' id='word_1_237' title='bbox 718 3338 803 3418; x_wconf 85' lang='lat' dir='ltr'>quod</span> <span class='ocrx_word' id='word_1_238' title='bbox 836 3336 874 3400; x_wconf 91' lang='lat' dir='ltr'>ab</span> <span class='ocrx_word' id='word_1_239' title='bbox 902 3336 969 3401; x_wconf 88' lang='lat' dir='ltr'>illis</span> <span class='ocrx_word' id='word_1_240' title='bbox 997 3355 1100 3401; x_wconf 86' lang='lat' dir='ltr'>emere</span> <span class='ocrx_word' id='word_1_241' title='bbox 1128 3336 1190 3413; x_wconf 87' lang='lat' dir='ltr'>uis,</span> <span class='ocrx_word' id='word_1_242' title='bbox 1219 3354 1281 3401; x_wconf 91' lang='lat' dir='ltr'>non</span> <span class='ocrx_word' id='word_1_243' title='bbox 1308 3340 1430 3420; x_wconf 81' lang='lat' dir='ltr'>tangue,</span> 
     </span>
     <span class='ocr_line' id='line_1_28' title="bbox 281 3442 1431 3530; baseline 0 -20"><span class='ocrx_word' id='word_1_244' title='bbox 281 3446 468 3530; x_wconf 86' lang='lat' dir='ltr'>priusquam</span> <span class='ocrx_word' id='word_1_245' title='bbox 491 3443 628 3526; x_wconf 91' lang='lat' dir='ltr'>pretium</span> <span class='ocrx_word' id='word_1_246' title='bbox 649 3444 717 3519; x_wconf 90' lang='lat' dir='ltr'>des;</span> <span class='ocrx_word' id='word_1_247' title='bbox 742 3443 826 3525; x_wconf 91' lang='lat' dir='ltr'>quod</span> <span class='ocrx_word' id='word_1_248' title='bbox 847 3443 874 3508; x_wconf 92' lang='lat' dir='ltr'>si</span> <span class='ocrx_word' id='word_1_249' title='bbox 893 3442 1037 3528; x_wconf 84' lang='lat' dir='ltr'>tetigeris</span> <span class='ocrx_word' id='word_1_250' title='bbox 1056 3446 1089 3507; x_wconf 88' lang='lat' dir='ltr'>et</span> <span class='ocrx_word' id='word_1_251' title='bbox 1106 3462 1167 3507; x_wconf 94' lang='lat' dir='ltr'>non</span> <span class='ocrx_word' id='word_1_252' title='bbox 1188 3444 1431 3526; x_wconf 66' lang='lat' dir='ltr'>comparaueris,</span> 
     </span>
     <span class='ocr_line' id='line_1_29' title="bbox 281 3550 1433 3618; baseline -0.004 0"><span class='ocrx_word' id='word_1_253' title='bbox 281 3571 354 3618; x_wconf 86' lang='lat' dir='ltr'>mox</span> <span class='ocrx_word' id='word_1_254' title='bbox 383 3551 690 3617; x_wconf 88' lang='lat' dir='ltr'>scandalizabuntur.</span> <span class='ocrx_word' id='word_1_255' title='bbox 728 3551 811 3615; x_wconf 88' lang='lat' dir='ltr'>Nam</span> <span class='ocrx_word' id='word_1_256' title='bbox 839 3550 916 3615; x_wconf 84' lang='lat' dir='ltr'>loris</span> <span class='ocrx_word' id='word_1_257' title='bbox 945 3552 1016 3615; x_wconf 91' lang='lat' dir='ltr'>uico</span> <span class='ocrx_word' id='word_1_258' title='bbox 1044 3550 1163 3615; x_wconf 90' lang='lat' dir='ltr'>habent</span> <span class='ocrx_word' id='word_1_259' title='bbox 1190 3550 1343 3616; x_wconf 86' lang='lat' dir='ltr'>condoma</span> <span class='ocrx_word' id='word_1_260' title='bbox 1370 3568 1433 3615; x_wconf 89' lang='lat' dir='ltr'>una</span> 
     </span>
     <span class='ocr_line' id='line_1_30' title="bbox 282 3644 1551 3744; baseline 0.001 -20"><span class='ocrx_word' id='word_1_261' title='bbox 282 3660 397 3744; x_wconf 90' lang='lat' dir='ltr'>posita,</span> <span class='ocrx_word' id='word_1_262' title='bbox 432 3658 486 3740; x_wconf 88' lang='lat' dir='ltr'>qni</span> <span class='ocrx_word' id='word_1_263' title='bbox 518 3658 620 3740; x_wconf 90' lang='lat' dir='ltr'>ipsius</span> <span class='ocrx_word' id='word_1_264' title='bbox 652 3657 774 3722; x_wconf 85' lang='lat' dir='ltr'>faciunt</span> <span class='ocrx_word' id='word_1_265' title='bbox 805 3675 1010 3740; x_wconf 88' lang='lat' dir='ltr'>responsum;</span> <span class='ocrx_word' id='word_1_266' title='bbox 1047 3676 1194 3723; x_wconf 92' lang='lat' dir='ltr'>nummos</span> <span class='ocrx_word' id='word_1_267' title='bbox 1227 3660 1335 3721; x_wconf 90' lang='lat' dir='ltr'>autem</span> <span class='ocrx_word' id='word_1_268' title='bbox 1372 3676 1431 3721; x_wconf 90' lang='lat' dir='ltr'>uon</span> <span class='ocrx_word' id='word_1_269' title='bbox 1550 3644 1551 3725; x_wconf 73' lang='lat' dir='ltr'>r</span> 
     </span>
     <span class='ocr_line' id='line_1_31' title="bbox 282 3762 1473 3847; baseline -0.003 -17"><span class='ocrx_word' id='word_1_270' title='bbox 282 3766 418 3847; x_wconf 86' lang='lat' dir='ltr'>accipiet</span> <span class='ocrx_word' id='word_1_271' title='bbox 445 3764 484 3829; x_wconf 90' lang='lat' dir='ltr'>de</span> <span class='ocrx_word' id='word_1_272' title='bbox 512 3782 606 3827; x_wconf 89' lang='lat' dir='ltr'>mauu</span> <span class='ocrx_word' id='word_1_273' title='bbox 634 3766 701 3839; x_wconf 84' lang='lat' dir='ltr'>tua,</span> <span class='ocrx_word' id='word_1_274' title='bbox 725 3764 782 3828; x_wconf 90' lang='lat' dir='ltr'>sed</span> <span class='ocrx_word' id='word_1_275' title='bbox 805 3767 840 3827; x_wconf 90' lang='lat' dir='ltr'>tu</span> <span class='ocrx_word' id='word_1_276' title='bbox 863 3764 894 3826; x_wconf 91' lang='lat' dir='ltr'>in</span> <span class='ocrx_word' id='word_1_277' title='bbox 919 3782 1000 3846; x_wconf 88' lang='lat' dir='ltr'>aqua</span> <span class='ocrx_word' id='word_1_278' title='bbox 1022 3764 1158 3846; x_wconf 88' lang='lat' dir='ltr'>proicies</span> <span class='ocrx_word' id='word_1_279' title='bbox 1182 3782 1236 3828; x_wconf 87' lang='lat' dir='ltr'>cos</span> <span class='ocrx_word' id='word_1_280' title='bbox 1260 3766 1293 3828; x_wconf 85' lang='lat' dir='ltr'>et</span> <span class='ocrx_word' id='word_1_281' title='bbox 1317 3762 1432 3827; x_wconf 91' lang='lat' dir='ltr'>denun-</span> <span class='ocrx_word' id='word_1_282' title='bbox 1448 3782 1473 3825; x_wconf 73' lang='lat' dir='ltr'>aa</span> 
     </span>
     <span class='ocr_line' id='line_1_32' title="bbox 282 3870 1431 3955; baseline -0.003 -18"><span class='ocrx_word' id='word_1_283' title='bbox 282 3873 365 3937; x_wconf 86' lang='lat' dir='ltr'>tiant</span> <span class='ocrx_word' id='word_1_284' title='bbox 396 3871 466 3953; x_wconf 86' lang='lat' dir='ltr'>tibi,</span> <span class='ocrx_word' id='word_1_285' title='bbox 500 3870 624 3953; x_wconf 89' lang='lat' dir='ltr'>quando</span> <span class='ocrx_word' id='word_1_286' title='bbox 656 3870 855 3955; x_wconf 86' lang='lat' dir='ltr'>ingrediaris.</span> <span class='ocrx_word' id='word_1_287' title='bbox 897 3870 985 3935; x_wconf 85' lang='lat' dir='ltr'>Tunc</span> <span class='ocrx_word' id='word_1_288' title='bbox 1018 3888 1092 3933; x_wconf 84' lang='lat' dir='ltr'>uero</span> <span class='ocrx_word' id='word_1_289' title='bbox 1125 3870 1190 3935; x_wconf 92' lang='lat' dir='ltr'>noli</span> <span class='ocrx_word' id='word_1_290' title='bbox 1223 3888 1371 3952; x_wconf 77' lang='lat' dir='ltr'>expuere3</span> <span class='ocrx_word' id='word_1_291' title='bbox 1406 3870 1431 3935; x_wconf 92' lang='lat' dir='ltr'>si</span> 
     </span>
    </p>
   </div>
   <div class='ocr_carea' id='block_1_3' title="bbox 284 4102 1550 4444">
    <p class='ocr_par' dir='ltr' id='par_1_4' title="bbox 320 4102 1432 4167">
     <span class='ocr_line' id='line_1_33' title="bbox 320 4102 1432 4167; baseline -0.003 -7"><span class='ocrx_word' id='word_1_292' title='bbox 320 4107 336 4161; x_wconf 84' lang='lat'><strong>3</strong></span> <span class='ocrx_word' id='word_1_293' title='bbox 354 4104 568 4167; x_wconf 78' lang='lat' dir='ltr'>transiuiuImue‚</span> <span class='ocrx_word' id='word_1_294' title='bbox 586 4103 713 4159; x_wconf 77' lang='lat' dir='ltr'>audead.</span> <span class='ocrx_word' id='word_1_295' title='bbox 732 4120 767 4157; x_wconf 84' lang='lat' dir='ltr'>m.</span> <span class='ocrx_word' id='word_1_296' title='bbox 788 4120 856 4159; x_wconf 85' lang='lat' dir='ltr'>corr.</span> <span class='ocrx_word' id='word_1_297' title='bbox 876 4104 919 4157; x_wconf 87' lang='lat' dir='ltr'>Br</span> <span class='ocrx_word' id='word_1_298' title='bbox 995 4104 1029 4158; x_wconf 82' lang='grc'>26</span> <span class='ocrx_word' id='word_1_299' title='bbox 1048 4102 1186 4157; x_wconf 86' lang='lat' dir='ltr'>Attamen.</span> <span class='ocrx_word' id='word_1_300' title='bbox 1205 4102 1262 4157; x_wconf 83' lang='lat' dir='ltr'>Hic</span> <span class='ocrx_word' id='word_1_301' title='bbox 1281 4103 1372 4157; x_wconf 74' lang='lat' dir='ltr'>deaceae</span> <span class='ocrx_word' id='word_1_302' title='bbox 1390 4104 1432 4157; x_wconf 77' lang='lat' dir='ltr'>irr-</span> 
     </span>
    </p>

    <p class='ocr_par' dir='ltr' id='par_1_5' title="bbox 284 4179 1550 4355">
     <span class='ocr_line' id='line_1_34' title="bbox 284 4179 1550 4264; baseline 0.001 -16"><span class='ocrx_word' id='word_1_303' title='bbox 284 4196 353 4264; x_wconf 78' lang='lat' dir='ltr'>cipe&#39;t</span> <span class='ocrx_word' id='word_1_304' title='bbox 369 4194 397 4247; x_wconf 94' lang='grc' dir='ltr'><strong><em>Β</em></strong></span> <span class='ocrx_word' id='word_1_305' title='bbox 517 4197 549 4248; x_wconf 88' lang='lat' dir='ltr'>nt</span> <span class='ocrx_word' id='word_1_306' title='bbox 567 4210 618 4247; x_wconf 86' lang='lat' dir='ltr'>om.</span> <span class='ocrx_word' id='word_1_307' title='bbox 638 4193 666 4246; x_wconf 92' lang='lat' dir='ltr'><em>B</em></span> <span class='ocrx_word' id='word_1_308' title='bbox 762 4210 817 4245; x_wconf 91' lang='lat' dir='ltr'>non</span> <span class='ocrx_word' id='word_1_309' title='bbox 836 4196 934 4260; x_wconf 79' lang='lat' dir='ltr'>tangas</span> <span class='ocrx_word' id='word_1_310' title='bbox 948 4199 1014 4260; x_wconf 83' lang='lat' dir='ltr'>poet</span> <span class='ocrx_word' id='word_1_311' title='bbox 1033 4193 1079 4246; x_wconf 90' lang='lat' dir='ltr'>des</span> <span class='ocrx_word' id='word_1_312' title='bbox 1098 4193 1160 4247; x_wconf 82' lang='lat' dir='ltr'>coll.</span> <span class='ocrx_word' id='word_1_313' title='bbox 1179 4192 1207 4245; x_wconf 99' lang='grc' dir='ltr'><strong><em>Β</em></strong></span> <span class='ocrx_word' id='word_1_314' title='bbox 1316 4194 1433 4249; x_wconf 77' lang='lat' dir='ltr'>27=con·</span> <span class='ocrx_word' id='word_1_315' title='bbox 1549 4179 1550 4224; x_wconf 81' lang='lat' dir='ltr'>l</span> 
     </span>
     <span class='ocr_line' id='line_1_35' title="bbox 284 4280 1434 4355; baseline 0.001 -18"><span class='ocrx_word' id='word_1_316' title='bbox 284 4284 424 4355; x_wconf 76' lang='lat' dir='ltr'>parabatis</span> <span class='ocrx_word' id='word_1_317' title='bbox 441 4282 469 4337; x_wconf 92' lang='lat' dir='ltr'><em>B</em></span> <span class='ocrx_word' id='word_1_318' title='bbox 541 4284 576 4336; x_wconf 84' lang='lat'>28</span> <span class='ocrx_word' id='word_1_319' title='bbox 595 4283 660 4337; x_wconf 87' lang='lat' dir='ltr'>foris</span> <span class='ocrx_word' id='word_1_320' title='bbox 680 4284 740 4336; x_wconf 93' lang='lat' dir='ltr'>uico</span> <span class='ocrx_word' id='word_1_321' title='bbox 760 4282 933 4336; x_wconf 86' lang='lat' dir='ltr'>habentem.</span> <span class='ocrx_word' id='word_1_322' title='bbox 953 4280 980 4333; x_wconf 92' lang='grc' dir='ltr'><strong><em>Β</em></strong></span> <span class='ocrx_word' id='word_1_323' title='bbox 1052 4282 1192 4336; x_wconf 85' lang='lat' dir='ltr'>comdoma</span> <span class='ocrx_word' id='word_1_324' title='bbox 1209 4281 1237 4335; x_wconf 92' lang='grc' dir='ltr'><strong><em>Β</em></strong></span> <span class='ocrx_word' id='word_1_325' title='bbox 1309 4284 1345 4337; x_wconf 87' lang='grc'>30</span> <span class='ocrx_word' id='word_1_326' title='bbox 1365 4284 1434 4339; x_wconf 81' lang='lat' dir='ltr'>acci-</span> 
     </span>
    </p>

    <p class='ocr_par' dir='ltr' id='par_1_6' title="bbox 284 4371 1330 4444">
     <span class='ocr_line' id='line_1_36' title="bbox 284 4371 1330 4444; baseline -0.003 -17"><span class='ocrx_word' id='word_1_327' title='bbox 284 4374 364 4444; x_wconf 89' lang='lat' dir='ltr'>piunt</span> <span class='ocrx_word' id='word_1_328' title='bbox 382 4374 409 4426; x_wconf 93' lang='grc' dir='ltr'><strong><em>Β</em></strong></span> <span class='ocrx_word' id='word_1_329' title='bbox 481 4390 577 4443; x_wconf 85' lang='lat' dir='ltr'>aquam</span> <span class='ocrx_word' id='word_1_330' title='bbox 596 4374 625 4426; x_wconf 93' lang='lat' dir='ltr'><em>B</em></span> <span class='ocrx_word' id='word_1_331' title='bbox 678 4374 710 4426; x_wconf 85' lang='lat'>31</span> <span class='ocrx_word' id='word_1_332' title='bbox 731 4372 772 4425; x_wconf 79' lang='lat' dir='ltr'>&#39;l&#39;u</span> <span class='ocrx_word' id='word_1_333' title='bbox 792 4389 856 4426; x_wconf 90' lang='lat' dir='ltr'>uero</span> <span class='ocrx_word' id='word_1_334' title='bbox 874 4371 902 4425; x_wconf 89' lang='lat' dir='ltr'><em>B</em></span> <span class='ocrx_word' id='word_1_335' title='bbox 1322 4386 1330 4401; x_wconf 94' lang='lat'><em>·</em></span> 
     </span>
    </p>
   </div>
   <div class='ocr_carea' id='block_1_4' title="bbox 1534 4728 1549 4919">
    <p class='ocr_par' dir='ltr' id='par_1_7' title="bbox 1534 4728 1549 4919">
     <span class='ocr_line' id='line_1_37' title="bbox 1534 4728 1549 4919; baseline 0 0"><span class='ocrx_word' id='word_1_336' title='bbox 1534 4728 1549 4919; x_wconf 84' lang='lat' dir='ltr'>l</span> 
     </span>
    </p>
   </div>
   <div class='ocr_carea' id='block_1_5' title="bbox 0 0 1577 4942">
    <p class='ocr_par' dir='ltr' id='par_1_8' title="bbox 0 0 1577 4942">
     <span class='ocr_line' id='line_1_38' title="bbox 0 0 1577 4942; baseline 0 0"><span class='ocrx_word' id='word_1_337' title='bbox 0 0 1577 4942; x_wconf 95' lang='lat' dir='ltr'> </span> 
     </span>
    </p>
   </div>
  </div>
 </body>
</html>
