<?xml version="1.0" encoding="UTF-8"?>
<!DOCTYPE html PUBLIC "-//W3C//DTD XHTML 1.0 Transitional//EN"
    "http://www.w3.org/TR/xhtml1/DTD/xhtml1-transitional.dtd">
<html xmlns="http://www.w3.org/1999/xhtml" xml:lang="en" lang="en">
 <head>
  <title>
</title>
<meta http-equiv="Content-Type" content="text/html;charset=utf-8" />
  <meta name='ocr-system' content='tesseract 3.04.00' />
  <meta name='ocr-capabilities' content='ocr_page ocr_carea ocr_par ocr_line ocrx_word'/>
</head>
<body>
  <div class='ocr_page' id='page_1' title='image "./corpusscriptoru17wissgoog_0097.png"; bbox 0 0 3125 4942; ppageno 0'>
   <div class='ocr_carea' id='block_1_1' title="bbox 592 1175 977 1258">
    <p class='ocr_par' dir='ltr' id='par_1_1' title="bbox 592 1175 977 1258">
     <span class='ocr_line' id='line_1_1' title="bbox 592 1175 977 1258; baseline 0 -17"><span class='ocrx_word' id='word_1_1' title='bbox 592 1175 755 1255; x_wconf 69' lang='lat' dir='ltr'>rnrvnnn</span> <span class='ocrx_word' id='word_1_2' title='bbox 783 1176 977 1258; x_wconf 78' lang='lat' dir='ltr'>nnsvun)</span> 
     </span>
    </p>
   </div>
   <div class='ocr_carea' id='block_1_2' title="bbox 202 1459 1471 1552">
    <p class='ocr_par' dir='ltr' id='par_1_2' title="bbox 202 1459 1471 1552">
     <span class='ocr_line' id='line_1_2' title="bbox 202 1459 1471 1552; baseline 0.002 -24"><span class='ocrx_word' id='word_1_3' title='bbox 202 1462 455 1529; x_wconf 78' lang='lat' dir='ltr'>ostendebantur</span> <span class='ocrx_word' id='word_1_4' title='bbox 490 1459 577 1525; x_wconf 81' lang='lat' dir='ltr'>iuxta</span> <span class='ocrx_word' id='word_1_5' title='bbox 615 1460 799 1543; x_wconf 77' lang='lat' dir='ltr'><strong>scripturae.</strong></span> <span class='ocrx_word' id='word_1_6' title='bbox 849 1460 974 1527; x_wconf 75' lang='lat' dir='ltr'>Interea</span> <span class='ocrx_word' id='word_1_7' title='bbox 1011 1461 1211 1526; x_wconf 87' lang='lat' dir='ltr'>ambulantes</span> <span class='ocrx_word' id='word_1_8' title='bbox 1247 1480 1355 1545; x_wconf 91' lang='lat' dir='ltr'>peme-</span> <span class='ocrx_word' id='word_1_9' title='bbox 1402 1462 1471 1552; x_wconf 83' lang='lat'>[31]</span> 
     </span>
    </p>
   </div>
   <div class='ocr_carea' id='block_1_3' title="bbox 36 1566 1402 3995">
    <p class='ocr_par' dir='ltr' id='par_1_3' title="bbox 146 1566 1400 2823">
     <span class='ocr_line' id='line_1_3' title="bbox 203 1566 1357 1649; baseline -0.001 -17"><span class='ocrx_word' id='word_1_10' title='bbox 203 1570 312 1633; x_wconf 91' lang='lat' dir='ltr'>nimus</span> <span class='ocrx_word' id='word_1_11' title='bbox 342 1568 381 1633; x_wconf 88' lang='lat' dir='ltr'>ad</span> <span class='ocrx_word' id='word_1_12' title='bbox 410 1566 565 1649; x_wconf 78' lang='lat' dir='ltr'>quendam</span> <span class='ocrx_word' id='word_1_13' title='bbox 597 1567 715 1643; x_wconf 85' lang='lat' dir='ltr'>locum,</span> <span class='ocrx_word' id='word_1_14' title='bbox 748 1566 805 1631; x_wconf 91' lang='lat' dir='ltr'>ubi</span> <span class='ocrx_word' id='word_1_15' title='bbox 837 1586 871 1631; x_wconf 89' lang='lat' dir='ltr'>se</span> <span class='ocrx_word' id='word_1_16' title='bbox 898 1570 1003 1632; x_wconf 90' lang='lat' dir='ltr'>tamen</span> <span class='ocrx_word' id='word_1_17' title='bbox 1031 1571 1156 1633; x_wconf 86' lang='lat' dir='ltr'>montes</span> <span class='ocrx_word' id='word_1_18' title='bbox 1182 1568 1243 1644; x_wconf 84' lang='lat' dir='ltr'>illi,</span> <span class='ocrx_word' id='word_1_19' title='bbox 1274 1568 1357 1632; x_wconf 87' lang='lat' dir='ltr'>inter</span> 
     </span>
     <span class='ocr_line' id='line_1_4' title="bbox 146 1672 1356 1757; baseline -0.003 -16"><span class='ocrx_word' id='word_1_20' title='bbox 146 1704 161 1741; x_wconf 71' lang='lat' dir='ltr'>a</span> <span class='ocrx_word' id='word_1_21' title='bbox 203 1694 286 1757; x_wconf 88' lang='lat' dir='ltr'>quos</span> <span class='ocrx_word' id='word_1_22' title='bbox 310 1674 448 1750; x_wconf 82' lang='lat' dir='ltr'>ibamus,</span> <span class='ocrx_word' id='word_1_23' title='bbox 473 1672 656 1756; x_wconf 75' lang='lat' dir='ltr'>annuebant</span> <span class='ocrx_word' id='word_1_24' title='bbox 679 1676 711 1737; x_wconf 90' lang='lat' dir='ltr'>et</span> <span class='ocrx_word' id='word_1_25' title='bbox 733 1672 893 1737; x_wconf 85' lang='lat' dir='ltr'>faciebant</span> <span class='ocrx_word' id='word_1_26' title='bbox 915 1674 1032 1738; x_wconf 88' lang='lat' dir='ltr'>uallem</span> <span class='ocrx_word' id='word_1_27' title='bbox 1055 1673 1211 1739; x_wconf 88' lang='lat' dir='ltr'>infinitam</span> <span class='ocrx_word' id='word_1_28' title='bbox 1233 1674 1356 1757; x_wconf 85' lang='lat' dir='ltr'>ingens,</span> 
     </span>
     <span class='ocr_line' id='line_1_5' title="bbox 203 1779 1359 1865; baseline -0.001 -20"><span class='ocrx_word' id='word_1_29' title='bbox 203 1782 424 1865; x_wconf 82' lang='lat' dir='ltr'>planissimam</span> <span class='ocrx_word' id='word_1_30' title='bbox 454 1782 485 1845; x_wconf 86' lang='lat' dir='ltr'>et</span> <span class='ocrx_word' id='word_1_31' title='bbox 518 1779 610 1844; x_wconf 85' lang='lat' dir='ltr'>ualde</span> <span class='ocrx_word' id='word_1_32' title='bbox 642 1779 819 1862; x_wconf 88' lang='lat' dir='ltr'>pulchram,</span> <span class='ocrx_word' id='word_1_33' title='bbox 852 1785 884 1844; x_wconf 88' lang='lat' dir='ltr'>et</span> <span class='ocrx_word' id='word_1_34' title='bbox 916 1783 1002 1845; x_wconf 86' lang='lat' dir='ltr'>trans</span> <span class='ocrx_word' id='word_1_35' title='bbox 1035 1781 1154 1846; x_wconf 87' lang='lat' dir='ltr'>uallem</span> <span class='ocrx_word' id='word_1_36' title='bbox 1186 1781 1359 1865; x_wconf 87' lang='lat' dir='ltr'>apparebat</span> 
     </span>
     <span class='ocr_line' id='line_1_6' title="bbox 201 1886 1357 1969; baseline -0.001 -17"><span class='ocrx_word' id='word_1_37' title='bbox 201 1908 297 1953; x_wconf 88' lang='lat' dir='ltr'>mons</span> <span class='ocrx_word' id='word_1_38' title='bbox 331 1892 460 1952; x_wconf 86' lang='lat' dir='ltr'>sanctus</span> <span class='ocrx_word' id='word_1_39' title='bbox 493 1886 553 1951; x_wconf 90' lang='lat' dir='ltr'>Dei</span> <span class='ocrx_word' id='word_1_40' title='bbox 587 1886 680 1969; x_wconf 84' lang='lat' dir='ltr'>Syna.</span> <span class='ocrx_word' id='word_1_41' title='bbox 713 1886 774 1951; x_wconf 93' lang='lat' dir='ltr'>Hic</span> <span class='ocrx_word' id='word_1_42' title='bbox 809 1889 914 1951; x_wconf 88' lang='lat' dir='ltr'>autem</span> <span class='ocrx_word' id='word_1_43' title='bbox 946 1888 1047 1964; x_wconf 87' lang='lat' dir='ltr'>locus,</span> <span class='ocrx_word' id='word_1_44' title='bbox 1079 1888 1135 1953; x_wconf 91' lang='lat' dir='ltr'>ubi</span> <span class='ocrx_word' id='word_1_45' title='bbox 1167 1906 1202 1953; x_wconf 89' lang='lat' dir='ltr'>so</span> <span class='ocrx_word' id='word_1_46' title='bbox 1233 1891 1357 1952; x_wconf 85' lang='lat' dir='ltr'>montes</span> 
     </span>
     <span class='ocr_line' id='line_1_7' title="bbox 203 1993 1357 2078; baseline 0 -21"><span class='ocrx_word' id='word_1_47' title='bbox 203 1994 399 2078; x_wconf 88' lang='lat' dir='ltr'>aperiebant,</span> <span class='ocrx_word' id='word_1_48' title='bbox 436 1993 564 2057; x_wconf 88' lang='lat' dir='ltr'>iunctus</span> <span class='ocrx_word' id='word_1_49' title='bbox 598 1996 649 2057; x_wconf 88' lang='lat' dir='ltr'>est</span> <span class='ocrx_word' id='word_1_50' title='bbox 681 2010 752 2057; x_wconf 90' lang='lat' dir='ltr'>cum</span> <span class='ocrx_word' id='word_1_51' title='bbox 787 2011 823 2057; x_wconf 92' lang='lat' dir='ltr'>eo</span> <span class='ocrx_word' id='word_1_52' title='bbox 860 1994 942 2069; x_wconf 85' lang='lat' dir='ltr'>Ioco,</span> <span class='ocrx_word' id='word_1_53' title='bbox 977 2014 1039 2077; x_wconf 87' lang='lat' dir='ltr'>quo</span> <span class='ocrx_word' id='word_1_54' title='bbox 1076 1998 1151 2059; x_wconf 91' lang='lat' dir='ltr'>sunt</span> <span class='ocrx_word' id='word_1_55' title='bbox 1186 1995 1357 2060; x_wconf 87' lang='lat' dir='ltr'>memoriae</span> 
     </span>
     <span class='ocr_line' id='line_1_8' title="bbox 204 2098 1400 2183; baseline 0.003 -18"><span class='ocrx_word' id='word_1_56' title='bbox 204 2100 493 2183; x_wconf 81' lang='lat' dir='ltr'>concupiscentiae.</span> <span class='ocrx_word' id='word_1_57' title='bbox 541 2098 576 2163; x_wconf 91' lang='lat' dir='ltr'>In</span> <span class='ocrx_word' id='word_1_58' title='bbox 609 2116 645 2162; x_wconf 89' lang='lat' dir='ltr'>eo</span> <span class='ocrx_word' id='word_1_59' title='bbox 681 2118 755 2182; x_wconf 85' lang='lat' dir='ltr'>ergo</span> <span class='ocrx_word' id='word_1_60' title='bbox 792 2098 863 2163; x_wconf 93' lang='lat' dir='ltr'>loco</span> <span class='ocrx_word' id='word_1_61' title='bbox 897 2118 969 2164; x_wconf 91' lang='lat' dir='ltr'>cum</span> <span class='ocrx_word' id='word_1_62' title='bbox 1006 2100 1145 2175; x_wconf 79' lang='lat' dir='ltr'>rrenItur,</span> <span class='ocrx_word' id='word_1_63' title='bbox 1184 2104 1222 2165; x_wconf 89' lang='lat' dir='ltr'>ut</span> <span class='ocrx_word' id='word_1_64' title='bbox 1251 2105 1400 2169; x_wconf 85' lang='lat' dir='ltr'>tamen2</span> 
     </span>
     <span class='ocr_line' id='line_1_9' title="bbox 149 2203 1356 2287; baseline -0.002 -13"><span class='ocrx_word' id='word_1_65' title='bbox 149 2234 181 2274; x_wconf 79' lang='grc' dir='ltr'>ιο</span> <span class='ocrx_word' id='word_1_66' title='bbox 206 2210 472 2273; x_wconf 88' lang='lat' dir='ltr'>commonuerunt</span> <span class='ocrx_word' id='word_1_67' title='bbox 503 2203 691 2269; x_wconf 86' lang='lat' dir='ltr'>deductores</span> <span class='ocrx_word' id='word_1_68' title='bbox 731 2204 835 2269; x_wconf 84' lang='lat' dir='ltr'>sancti</span> <span class='ocrx_word' id='word_1_69' title='bbox 871 2204 930 2280; x_wconf 81' lang='lat' dir='ltr'>illi,</span> <span class='ocrx_word' id='word_1_70' title='bbox 969 2206 1023 2287; x_wconf 89' lang='lat' dir='ltr'>qni</span> <span class='ocrx_word' id='word_1_71' title='bbox 1060 2206 1227 2271; x_wconf 89' lang='lat' dir='ltr'>nobiscum</span> <span class='ocrx_word' id='word_1_72' title='bbox 1259 2215 1356 2284; x_wconf 87' lang='lat' dir='ltr'>erant,</span> 
     </span>
     <span class='ocr_line' id='line_1_10' title="bbox 205 2308 1357 2395; baseline -0.001 -18"><span class='ocrx_word' id='word_1_73' title='bbox 205 2313 364 2377; x_wconf 81' lang='lat' dir='ltr'>dicentes:</span> <span class='ocrx_word' id='word_1_74' title='bbox 407 2311 602 2376; x_wconf 83' lang='lat' dir='ltr'>consuetudo</span> <span class='ocrx_word' id='word_1_75' title='bbox 646 2314 704 2387; x_wconf 88' lang='lat' dir='ltr'>est,</span> <span class='ocrx_word' id='word_1_76' title='bbox 747 2314 785 2375; x_wconf 91' lang='lat' dir='ltr'>ut</span> <span class='ocrx_word' id='word_1_77' title='bbox 820 2308 877 2375; x_wconf 86' lang='lat' dir='ltr'>fiat</span> <span class='ocrx_word' id='word_1_78' title='bbox 912 2311 964 2375; x_wconf 94' lang='lat' dir='ltr'>hic</span> <span class='ocrx_word' id='word_1_79' title='bbox 1002 2312 1102 2377; x_wconf 86' lang='lat' dir='ltr'>oratio</span> <span class='ocrx_word' id='word_1_80' title='bbox 1140 2313 1178 2377; x_wconf 89' lang='lat' dir='ltr'>ab</span> <span class='ocrx_word' id='word_1_81' title='bbox 1215 2312 1265 2377; x_wconf 91' lang='lat' dir='ltr'>his</span> <span class='ocrx_word' id='word_1_82' title='bbox 1303 2313 1357 2395; x_wconf 90' lang='lat' dir='ltr'>qui</span> 
     </span>
     <span class='ocr_line' id='line_1_11' title="bbox 204 2416 1359 2500; baseline 0.001 -17"><span class='ocrx_word' id='word_1_83' title='bbox 204 2420 350 2494; x_wconf 91' lang='lat' dir='ltr'>ueniunt,</span> <span class='ocrx_word' id='word_1_84' title='bbox 375 2417 499 2500; x_wconf 87' lang='lat' dir='ltr'>quando</span> <span class='ocrx_word' id='word_1_85' title='bbox 524 2416 562 2481; x_wconf 90' lang='lat' dir='ltr'>de</span> <span class='ocrx_word' id='word_1_86' title='bbox 586 2436 622 2482; x_wconf 89' lang='lat' dir='ltr'>eo</span> <span class='ocrx_word' id='word_1_87' title='bbox 646 2418 716 2481; x_wconf 91' lang='lat' dir='ltr'>loco</span> <span class='ocrx_word' id='word_1_88' title='bbox 741 2416 889 2500; x_wconf 90' lang='lat' dir='ltr'>primitus</span> <span class='ocrx_word' id='word_1_89' title='bbox 913 2417 1042 2483; x_wconf 90' lang='lat' dir='ltr'>uidetur</span> <span class='ocrx_word' id='word_1_90' title='bbox 1064 2438 1154 2484; x_wconf 90' lang='lat' dir='ltr'>mons</span> <span class='ocrx_word' id='word_1_91' title='bbox 1174 2419 1248 2484; x_wconf 90' lang='lat' dir='ltr'>Dei:</span> <span class='ocrx_word' id='word_1_92' title='bbox 1273 2420 1359 2484; x_wconf 85' lang='lat' dir='ltr'>sicut</span> 
     </span>
     <span class='ocr_line' id='line_1_12' title="bbox 206 2523 1357 2591; baseline -0.001 -1"><span class='ocrx_word' id='word_1_93' title='bbox 206 2532 239 2590; x_wconf 89' lang='lat' dir='ltr'>et</span> <span class='ocrx_word' id='word_1_94' title='bbox 277 2544 335 2591; x_wconf 91' lang='lat' dir='ltr'>nos</span> <span class='ocrx_word' id='word_1_95' title='bbox 371 2524 514 2591; x_wconf 91' lang='lat' dir='ltr'>fecimus.</span> <span class='ocrx_word' id='word_1_96' title='bbox 559 2523 707 2589; x_wconf 89' lang='lat' dir='ltr'>Habebat</span> <span class='ocrx_word' id='word_1_97' title='bbox 744 2528 851 2589; x_wconf 90' lang='lat' dir='ltr'>autem</span> <span class='ocrx_word' id='word_1_98' title='bbox 884 2524 922 2589; x_wconf 90' lang='lat' dir='ltr'>de</span> <span class='ocrx_word' id='word_1_99' title='bbox 959 2544 996 2589; x_wconf 91' lang='lat' dir='ltr'>ec</span> <span class='ocrx_word' id='word_1_100' title='bbox 1033 2525 1103 2590; x_wconf 93' lang='lat' dir='ltr'>loco</span> <span class='ocrx_word' id='word_1_101' title='bbox 1143 2526 1181 2590; x_wconf 85' lang='lat' dir='ltr'>ad</span> <span class='ocrx_word' id='word_1_102' title='bbox 1217 2529 1357 2591; x_wconf 89' lang='lat' dir='ltr'>montem</span> 
     </span>
     <span class='ocr_line' id='line_1_13' title="bbox 205 2630 1359 2714; baseline -0.002 -17"><span class='ocrx_word' id='word_1_103' title='bbox 205 2633 268 2697; x_wconf 87' lang='lat' dir='ltr'>Dei</span> <span class='ocrx_word' id='word_1_104' title='bbox 295 2632 427 2697; x_wconf 90' lang='lat' dir='ltr'>forsitan</span> <span class='ocrx_word' id='word_1_105' title='bbox 456 2634 606 2714; x_wconf 89' lang='lat' dir='ltr'>quattuor</span> <span class='ocrx_word' id='word_1_106' title='bbox 633 2630 721 2695; x_wconf 90' lang='lat' dir='ltr'>milia</span> <span class='ocrx_word' id='word_1_107' title='bbox 749 2635 855 2695; x_wconf 89' lang='lat' dir='ltr'>totum</span> <span class='ocrx_word' id='word_1_108' title='bbox 883 2650 940 2713; x_wconf 87' lang='lat' dir='ltr'>por</span> <span class='ocrx_word' id='word_1_109' title='bbox 966 2632 1051 2696; x_wconf 87' lang='lat' dir='ltr'>ualle</span> <span class='ocrx_word' id='word_1_110' title='bbox 1078 2632 1143 2709; x_wconf 85' lang='lat' dir='ltr'>illa,</span> <span class='ocrx_word' id='word_1_111' title='bbox 1173 2652 1266 2714; x_wconf 89' lang='lat' dir='ltr'>quam</span> <span class='ocrx_word' id='word_1_112' title='bbox 1296 2632 1359 2697; x_wconf 85' lang='lat' dir='ltr'>dixi</span> 
     </span>
     <span class='ocr_line' id='line_1_14' title="bbox 149 2740 329 2823; baseline 0.011 -21"><span class='ocrx_word' id='word_1_113' title='bbox 149 2766 180 2807; x_wconf 66' lang='grc' dir='ltr'>ιε</span> <span class='ocrx_word' id='word_1_114' title='bbox 205 2740 329 2823; x_wconf 80' lang='lat' dir='ltr'>ingens.</span> 
     </span>
    </p>

    <p class='ocr_par' dir='ltr' id='par_1_4' title="bbox 205 2845 1402 3249">
     <span class='ocr_line' id='line_1_15' title="bbox 254 2845 1402 2929; baseline 0.007 -21"><span class='ocrx_word' id='word_1_115' title='bbox 254 2846 355 2910; x_wconf 82' lang='lat' dir='ltr'>Vallis</span> <span class='ocrx_word' id='word_1_116' title='bbox 389 2847 494 2911; x_wconf 88' lang='lat' dir='ltr'>autern</span> <span class='ocrx_word' id='word_1_117' title='bbox 527 2846 597 2929; x_wconf 90' lang='lat' dir='ltr'>ipsa</span> <span class='ocrx_word' id='word_1_118' title='bbox 628 2845 740 2929; x_wconf 86' lang='lat' dir='ltr'>ingens</span> <span class='ocrx_word' id='word_1_119' title='bbox 774 2850 824 2911; x_wconf 91' lang='lat' dir='ltr'>est</span> <span class='ocrx_word' id='word_1_120' title='bbox 855 2845 960 2927; x_wconf 86' lang='lat' dir='ltr'>ualde,</span> <span class='ocrx_word' id='word_1_121' title='bbox 992 2846 1099 2911; x_wconf 90' lang='lat' dir='ltr'>iacens</span> <span class='ocrx_word' id='word_1_122' title='bbox 1132 2846 1243 2911; x_wconf 87' lang='lat' dir='ltr'>subter</span> <span class='ocrx_word' id='word_1_123' title='bbox 1273 2848 1402 2917; x_wconf 68' lang='lat' dir='ltr'>retusa</span> 
     </span>
     <span class='ocr_line' id='line_1_16' title="bbox 205 2951 1358 3036; baseline 0 -20"><span class='ocrx_word' id='word_1_124' title='bbox 205 2954 326 3017; x_wconf 86' lang='lat' dir='ltr'>montis</span> <span class='ocrx_word' id='word_1_125' title='bbox 350 2952 420 3029; x_wconf 92' lang='lat' dir='ltr'>Dei,</span> <span class='ocrx_word' id='word_1_126' title='bbox 446 2970 525 3035; x_wconf 89' lang='lat' dir='ltr'>quac</span> <span class='ocrx_word' id='word_1_127' title='bbox 553 2952 650 3017; x_wconf 90' lang='lat' dir='ltr'>babet</span> <span class='ocrx_word' id='word_1_128' title='bbox 673 2951 817 3027; x_wconf 88' lang='lat' dir='ltr'>forsitan,</span> <span class='ocrx_word' id='word_1_129' title='bbox 842 2956 994 3035; x_wconf 87' lang='lat' dir='ltr'>quantum</span> <span class='ocrx_word' id='word_1_130' title='bbox 1022 2953 1188 3036; x_wconf 88' lang='lat' dir='ltr'>potuimus</span> <span class='ocrx_word' id='word_1_131' title='bbox 1211 2954 1358 3017; x_wconf 85' lang='lat' dir='ltr'>uidentes</span> 
     </span>
     <span class='ocr_line' id='line_1_17' title="bbox 205 3056 1358 3143; baseline 0 -22"><span class='ocrx_word' id='word_1_132' title='bbox 205 3060 375 3123; x_wconf 83' lang='lat' dir='ltr'>aestimare</span> <span class='ocrx_word' id='word_1_133' title='bbox 405 3061 460 3123; x_wconf 90' lang='lat' dir='ltr'>aut</span> <span class='ocrx_word' id='word_1_134' title='bbox 491 3056 552 3141; x_wconf 92' lang='lat' dir='ltr'>ipsi</span> <span class='ocrx_word' id='word_1_135' title='bbox 581 3056 738 3134; x_wconf 81' lang='lat' dir='ltr'>dIcebant,</span> <span class='ocrx_word' id='word_1_136' title='bbox 771 3057 803 3122; x_wconf 95' lang='lat' dir='ltr'>in</span> <span class='ocrx_word' id='word_1_137' title='bbox 835 3058 932 3143; x_wconf 86' lang='lat' dir='ltr'>longo</span> <span class='ocrx_word' id='word_1_138' title='bbox 964 3058 1054 3123; x_wconf 92' lang='lat' dir='ltr'>milia</span> <span class='ocrx_word' id='word_1_139' title='bbox 1085 3078 1198 3143; x_wconf 87' lang='lat' dir='ltr'>passos</span> <span class='ocrx_word' id='word_1_140' title='bbox 1226 3060 1358 3125; x_wconf 87' lang='lat' dir='ltr'>forsitan</span> 
     </span>
     <span class='ocr_line' id='line_1_18' title="bbox 206 3163 1359 3249; baseline 0 -19"><span class='ocrx_word' id='word_1_141' title='bbox 206 3165 361 3241; x_wconf 70' lang='lat' dir='ltr'>sedeam,</span> <span class='ocrx_word' id='word_1_142' title='bbox 385 3164 416 3229; x_wconf 93' lang='lat' dir='ltr'>in</span> <span class='ocrx_word' id='word_1_143' title='bbox 439 3164 504 3229; x_wconf 89' lang='lat' dir='ltr'>lato</span> <span class='ocrx_word' id='word_1_144' title='bbox 525 3165 631 3228; x_wconf 88' lang='lat' dir='ltr'>autem</span> <span class='ocrx_word' id='word_1_145' title='bbox 652 3168 803 3245; x_wconf 85' lang='lat' dir='ltr'>quattuor</span> <span class='ocrx_word' id='word_1_146' title='bbox 820 3163 910 3228; x_wconf 86' lang='lat' dir='ltr'>milia</span> <span class='ocrx_word' id='word_1_147' title='bbox 928 3183 998 3230; x_wconf 87' lang='lat' dir='ltr'>esse</span> <span class='ocrx_word' id='word_1_148' title='bbox 1018 3166 1229 3249; x_wconf 87' lang='lat' dir='ltr'>appellabant.</span> <span class='ocrx_word' id='word_1_149' title='bbox 1252 3168 1359 3249; x_wconf 88' lang='lat' dir='ltr'>Ipsam</span> 
     </span>
    </p>

    <p class='ocr_par' dir='ltr' id='par_1_5' title="bbox 152 3270 1402 3462">
     <span class='ocr_line' id='line_1_19' title="bbox 152 3270 1359 3355; baseline -0.002 -17"><span class='ocrx_word' id='word_1_150' title='bbox 152 3300 184 3340; x_wconf 72' lang='lat' dir='ltr'>no</span> <span class='ocrx_word' id='word_1_151' title='bbox 206 3290 283 3355; x_wconf 88' lang='lat' dir='ltr'>crgo</span> <span class='ocrx_word' id='word_1_152' title='bbox 312 3270 429 3335; x_wconf 87' lang='lat' dir='ltr'>uallem</span> <span class='ocrx_word' id='word_1_153' title='bbox 454 3290 511 3335; x_wconf 92' lang='lat' dir='ltr'>nos</span> <span class='ocrx_word' id='word_1_154' title='bbox 535 3274 711 3334; x_wconf 84' lang='lat' dir='ltr'>tranersaro</span> <span class='ocrx_word' id='word_1_155' title='bbox 735 3270 941 3349; x_wconf 88' lang='lat' dir='ltr'>habebamus,</span> <span class='ocrx_word' id='word_1_156' title='bbox 971 3274 1009 3334; x_wconf 93' lang='lat' dir='ltr'>ut</span> <span class='ocrx_word' id='word_1_157' title='bbox 1035 3272 1195 3353; x_wconf 90' lang='lat' dir='ltr'>possimus</span> <span class='ocrx_word' id='word_1_158' title='bbox 1219 3275 1359 3337; x_wconf 90' lang='lat' dir='ltr'>montem</span> 
     </span>
     <span class='ocr_line' id='line_1_20' title="bbox 204 3376 1402 3462; baseline 0.001 -20"><span class='ocrx_word' id='word_1_159' title='bbox 204 3377 341 3462; x_wconf 88' lang='lat' dir='ltr'>ingredi.</span> <span class='ocrx_word' id='word_1_160' title='bbox 377 3376 465 3442; x_wconf 89' lang='lat' dir='ltr'>Haec</span> <span class='ocrx_word' id='word_1_161' title='bbox 490 3379 538 3441; x_wconf 88' lang='lat' dir='ltr'>est</span> <span class='ocrx_word' id='word_1_162' title='bbox 565 3380 672 3441; x_wconf 90' lang='lat' dir='ltr'>autem</span> <span class='ocrx_word' id='word_1_163' title='bbox 700 3376 796 3440; x_wconf 86' lang='lat' dir='ltr'>uallis</span> <span class='ocrx_word' id='word_1_164' title='bbox 819 3377 930 3462; x_wconf 86' lang='lat' dir='ltr'>ingens</span> <span class='ocrx_word' id='word_1_165' title='bbox 955 3382 988 3441; x_wconf 91' lang='lat' dir='ltr'>et</span> <span class='ocrx_word' id='word_1_166' title='bbox 1015 3379 1211 3461; x_wconf 86' lang='lat' dir='ltr'>planissima,</span> <span class='ocrx_word' id='word_1_167' title='bbox 1240 3381 1273 3444; x_wconf 92' lang='lat' dir='ltr'>in</span> <span class='ocrx_word' id='word_1_168' title='bbox 1296 3390 1402 3461; x_wconf 82' lang='lat' dir='ltr'>qua2</span> 
     </span>
    </p>

    <p class='ocr_par' dir='ltr' id='par_1_6' title="bbox 205 3482 1357 3569">
     <span class='ocr_line' id='line_1_21' title="bbox 205 3482 1357 3569; baseline 0.001 -20"><span class='ocrx_word' id='word_1_169' title='bbox 205 3484 266 3549; x_wconf 87' lang='lat' dir='ltr'>filii</span> <span class='ocrx_word' id='word_1_170' title='bbox 288 3484 409 3548; x_wconf 89' lang='lat' dir='ltr'>Israhel</span> <span class='ocrx_word' id='word_1_171' title='bbox 433 3482 619 3547; x_wconf 87' lang='lat' dir='ltr'>commorati</span> <span class='ocrx_word' id='word_1_172' title='bbox 647 3485 723 3547; x_wconf 89' lang='lat' dir='ltr'>sunt</span> <span class='ocrx_word' id='word_1_173' title='bbox 745 3482 796 3547; x_wconf 83' lang='lat' dir='ltr'>bIs</span> <span class='ocrx_word' id='word_1_174' title='bbox 820 3482 943 3559; x_wconf 84' lang='lat' dir='ltr'>diebus,</span> <span class='ocrx_word' id='word_1_175' title='bbox 969 3485 1052 3567; x_wconf 89' lang='lat' dir='ltr'>quod</span> <span class='ocrx_word' id='word_1_176' title='bbox 1076 3488 1205 3550; x_wconf 87' lang='lat' dir='ltr'>sanctus</span> <span class='ocrx_word' id='word_1_177' title='bbox 1228 3486 1357 3569; x_wconf 81' lang='lat' dir='ltr'>Moyses</span> 
     </span>
    </p>

    <p class='ocr_par' dir='ltr' id='par_1_7' title="bbox 205 3588 1358 3676">
     <span class='ocr_line' id='line_1_22' title="bbox 205 3588 1358 3676; baseline 0.002 -22"><span class='ocrx_word' id='word_1_178' title='bbox 205 3590 351 3655; x_wconf 88' lang='lat' dir='ltr'>ascendit</span> <span class='ocrx_word' id='word_1_179' title='bbox 383 3589 415 3653; x_wconf 94' lang='lat' dir='ltr'>in</span> <span class='ocrx_word' id='word_1_180' title='bbox 447 3591 587 3653; x_wconf 88' lang='lat' dir='ltr'>montem</span> <span class='ocrx_word' id='word_1_181' title='bbox 616 3588 754 3667; x_wconf 85' lang='lat' dir='ltr'>Domini,</span> <span class='ocrx_word' id='word_1_182' title='bbox 783 3592 816 3653; x_wconf 90' lang='lat' dir='ltr'>et</span> <span class='ocrx_word' id='word_1_183' title='bbox 842 3589 904 3655; x_wconf 88' lang='lat' dir='ltr'>fuit</span> <span class='ocrx_word' id='word_1_184' title='bbox 935 3590 981 3655; x_wconf 91' lang='lat' dir='ltr'>ibi</span> <span class='ocrx_word' id='word_1_185' title='bbox 1011 3590 1218 3676; x_wconf 85' lang='lat' dir='ltr'>quadraginta</span> <span class='ocrx_word' id='word_1_186' title='bbox 1245 3592 1358 3657; x_wconf 85' lang='lat' dir='ltr'>diebus</span> 
     </span>
    </p>

    <p class='ocr_par' dir='ltr' id='par_1_8' title="bbox 205 3696 1373 3781">
     <span class='ocr_line' id='line_1_23' title="bbox 205 3696 1373 3781; baseline 0 -18"><span class='ocrx_word' id='word_1_187' title='bbox 205 3702 239 3763; x_wconf 84' lang='lat' dir='ltr'>et</span> <span class='ocrx_word' id='word_1_188' title='bbox 258 3696 469 3781; x_wconf 83' lang='lat' dir='ltr'>quadraginta</span> <span class='ocrx_word' id='word_1_189' title='bbox 491 3696 649 3761; x_wconf 86' lang='lat' dir='ltr'>noctibus.</span> <span class='ocrx_word' id='word_1_190' title='bbox 672 3696 759 3761; x_wconf 90' lang='lat' dir='ltr'>Haec</span> <span class='ocrx_word' id='word_1_191' title='bbox 780 3699 829 3760; x_wconf 89' lang='lat' dir='ltr'>cst</span> <span class='ocrx_word' id='word_1_192' title='bbox 852 3700 958 3761; x_wconf 90' lang='lat' dir='ltr'>autem</span> <span class='ocrx_word' id='word_1_193' title='bbox 983 3698 1089 3772; x_wconf 84' lang='lat' dir='ltr'>uallis,</span> <span class='ocrx_word' id='word_1_194' title='bbox 1112 3698 1143 3761; x_wconf 95' lang='lat' dir='ltr'>in</span> <span class='ocrx_word' id='word_1_195' title='bbox 1168 3717 1231 3781; x_wconf 89' lang='lat' dir='ltr'>qua</span> <span class='ocrx_word' id='word_1_196' title='bbox 1253 3698 1373 3763; x_wconf 56' lang='lat' dir='ltr'>factus⁴</span> 
     </span>
    </p>

    <p class='ocr_par' dir='ltr' id='par_1_9' title="bbox 36 3802 1357 3888">
     <span class='ocr_line' id='line_1_24' title="bbox 36 3802 1357 3888; baseline -0.004 -14"><span class='ocrx_word' id='word_1_197' title='bbox 36 3851 42 3874; x_wconf 82' lang='grc'><strong><em>.</em></strong></span> <span class='ocrx_word' id='word_1_198' title='bbox 154 3836 183 3875; x_wconf 74' lang='lat'>25</span> <span class='ocrx_word' id='word_1_199' title='bbox 205 3809 258 3869; x_wconf 88' lang='lat' dir='ltr'>est</span> <span class='ocrx_word' id='word_1_200' title='bbox 279 3804 415 3883; x_wconf 88' lang='lat' dir='ltr'>uitulus,</span> <span class='ocrx_word' id='word_1_201' title='bbox 441 3803 494 3886; x_wconf 88' lang='lat' dir='ltr'>qui</span> <span class='ocrx_word' id='word_1_202' title='bbox 522 3804 613 3869; x_wconf 88' lang='lat' dir='ltr'>locus</span> <span class='ocrx_word' id='word_1_203' title='bbox 642 3822 744 3885; x_wconf 82' lang='lat' dir='ltr'>usque</span> <span class='ocrx_word' id='word_1_204' title='bbox 773 3804 806 3867; x_wconf 93' lang='lat' dir='ltr'>in</span> <span class='ocrx_word' id='word_1_205' title='bbox 833 3802 927 3867; x_wconf 89' lang='lat' dir='ltr'>hodie</span> <span class='ocrx_word' id='word_1_206' title='bbox 956 3805 1147 3879; x_wconf 87' lang='lat' dir='ltr'>ostenditnr;</span> <span class='ocrx_word' id='word_1_207' title='bbox 1176 3825 1248 3869; x_wconf 91' lang='lat' dir='ltr'>nam</span> <span class='ocrx_word' id='word_1_208' title='bbox 1276 3805 1357 3888; x_wconf 82' lang='lat' dir='ltr'>lapIs</span> 
     </span>
    </p>

    <p class='ocr_par' dir='ltr' id='par_1_10' title="bbox 206 3900 1357 3995">
     <span class='ocr_line' id='line_1_25' title="bbox 206 3900 1357 3995; baseline 0 -20"><span class='ocrx_word' id='word_1_209' title='bbox 206 3910 336 3995; x_wconf 72' lang='lat' dir='ltr'>granffis</span> <span class='ocrx_word' id='word_1_210' title='bbox 358 3910 403 3973; x_wconf 91' lang='lat' dir='ltr'>ibi</span> <span class='ocrx_word' id='word_1_211' title='bbox 427 3909 507 3973; x_wconf 85' lang='lat' dir='ltr'>finus</span> <span class='ocrx_word' id='word_1_212' title='bbox 532 3912 596 3974; x_wconf 88' lang='lat' dir='ltr'>stat</span> <span class='ocrx_word' id='word_1_213' title='bbox 618 3908 650 3973; x_wconf 92' lang='lat' dir='ltr'>in</span> <span class='ocrx_word' id='word_1_214' title='bbox 674 3900 744 3991; x_wconf 85' lang='lat' dir='ltr'>ipso</span> <span class='ocrx_word' id='word_1_215' title='bbox 768 3910 850 3975; x_wconf 90' lang='lat' dir='ltr'>loco.</span> <span class='ocrx_word' id='word_1_216' title='bbox 874 3909 963 3975; x_wconf 87' lang='lat' dir='ltr'>Haec</span> <span class='ocrx_word' id='word_1_217' title='bbox 986 3929 1060 3994; x_wconf 86' lang='lat' dir='ltr'>ergo</span> <span class='ocrx_word' id='word_1_218' title='bbox 1086 3911 1181 3975; x_wconf 88' lang='lat' dir='ltr'>uallis</span> <span class='ocrx_word' id='word_1_219' title='bbox 1205 3911 1275 3994; x_wconf 88' lang='lat' dir='ltr'>ipsa</span> <span class='ocrx_word' id='word_1_220' title='bbox 1297 3915 1357 3988; x_wconf 89' lang='lat' dir='ltr'>est,</span> 
     </span>
    </p>
   </div>
   <div class='ocr_carea' id='block_1_4' title="bbox 299 4064 1248 4129">
    <p class='ocr_par' dir='ltr' id='par_1_11' title="bbox 299 4064 1248 4129">
     <span class='ocr_line' id='line_1_26' title="bbox 299 4064 1248 4129; baseline -0.002 -8"><span class='ocrx_word' id='word_1_221' title='bbox 299 4068 315 4121; x_wconf 87' lang='grc'>8</span> <span class='ocrx_word' id='word_1_222' title='bbox 335 4066 369 4121; x_wconf 89' lang='lat' dir='ltr'>cf.</span> <span class='ocrx_word' id='word_1_223' title='bbox 389 4066 470 4124; x_wconf 87' lang='lat' dir='ltr'>Num.</span> <span class='ocrx_word' id='word_1_224' title='bbox 491 4067 532 4129; x_wconf 85' lang='lat' dir='ltr'>ll,</span> <span class='ocrx_word' id='word_1_225' title='bbox 552 4067 588 4121; x_wconf 77' lang='lat'>34</span> <span class='ocrx_word' id='word_1_226' title='bbox 642 4066 676 4119; x_wconf 80' lang='grc'>22</span> <span class='ocrx_word' id='word_1_227' title='bbox 696 4064 729 4119; x_wconf 89' lang='lat' dir='ltr'>cf.</span> <span class='ocrx_word' id='word_1_228' title='bbox 749 4064 834 4119; x_wconf 83' lang='lat' dir='ltr'>Exod.</span> <span class='ocrx_word' id='word_1_229' title='bbox 853 4066 898 4128; x_wconf 77' lang='lat'>24,</span> <span class='ocrx_word' id='word_1_230' title='bbox 919 4066 953 4120; x_wconf 81' lang='lat'>18</span> <span class='ocrx_word' id='word_1_231' title='bbox 1002 4069 1037 4119; x_wconf 81' lang='lat'>‘24</span> <span class='ocrx_word' id='word_1_232' title='bbox 1058 4066 1090 4121; x_wconf 90' lang='lat' dir='ltr'>cf.</span> <span class='ocrx_word' id='word_1_233' title='bbox 1109 4066 1193 4121; x_wconf 86' lang='lat' dir='ltr'>Exod.</span> <span class='ocrx_word' id='word_1_234' title='bbox 1214 4068 1248 4121; x_wconf 77' lang='lat'>32</span> 
     </span>
    </p>
   </div>
   <div class='ocr_carea' id='block_1_5' title="bbox 207 4172 1358 4422">
    <p class='ocr_par' dir='ltr' id='par_1_12' title="bbox 207 4172 1358 4422">
     <span class='ocr_line' id='line_1_27' title="bbox 245 4172 1357 4242; baseline 0 -15"><span class='ocrx_word' id='word_1_235' title='bbox 245 4174 257 4227; x_wconf 90' lang='lat'>1</span> <span class='ocrx_word' id='word_1_236' title='bbox 287 4174 407 4227; x_wconf 83' lang='lat' dir='ltr'>uurrrcrie</span> <span class='ocrx_word' id='word_1_237' title='bbox 432 4174 543 4228; x_wconf 76' lang='lat' dir='ltr'>urrcim&#39;c</span> <span class='ocrx_word' id='word_1_238' title='bbox 567 4172 683 4227; x_wconf 75' lang='lat' dir='ltr'>inclusis</span> <span class='ocrx_word' id='word_1_239' title='bbox 709 4174 740 4225; x_wconf 83' lang='lat' dir='ltr'>in</span> <span class='ocrx_word' id='word_1_240' title='bbox 766 4173 891 4241; x_wconf 68' lang='lat' dir='ltr'>eucarpiae</span> <span class='ocrx_word' id='word_1_241' title='bbox 917 4173 1084 4227; x_wconf 78' lang='lat' dir='ltr'>indicantur</span> <span class='ocrx_word' id='word_1_242' title='bbox 1107 4175 1231 4242; x_wconf 80' lang='lat' dir='ltr'>popinae</span> <span class='ocrx_word' id='word_1_243' title='bbox 1255 4174 1357 4227; x_wconf 78' lang='lat' dir='ltr'>codicis</span> 
     </span>
     <span class='ocr_line' id='line_1_28' title="bbox 207 4259 1356 4330; baseline -0.001 -13"><span class='ocrx_word' id='word_1_244' title='bbox 207 4266 223 4317; x_wconf 82' lang='lat'><strong>4</strong></span> <span class='ocrx_word' id='word_1_245' title='bbox 243 4280 289 4317; x_wconf 87' lang='lat' dir='ltr'>sex</span> <span class='ocrx_word' id='word_1_246' title='bbox 309 4264 334 4315; x_wconf 99' lang='lat' dir='ltr'><strong><em>A</em></strong></span> <span class='ocrx_word' id='word_1_247' title='bbox 355 4279 383 4317; x_wconf 89' lang='lat' dir='ltr'>se</span> <span class='ocrx_word' id='word_1_248' title='bbox 405 4260 572 4317; x_wconf 76' lang='lat' dir='ltr'>Ganaurriua&#39;</span> <span class='ocrx_word' id='word_1_249' title='bbox 591 4264 631 4326; x_wconf 82' lang='lat'>(2)</span> <span class='ocrx_word' id='word_1_250' title='bbox 652 4266 676 4314; x_wconf 83' lang='lat' dir='ltr'>et</span> <span class='ocrx_word' id='word_1_251' title='bbox 696 4259 764 4315; x_wconf 76' lang='lat' dir='ltr'>Seru</span> <span class='ocrx_word' id='word_1_252' title='bbox 854 4262 871 4314; x_wconf 83' lang='grc'><strong>6</strong></span> <span class='ocrx_word' id='word_1_253' title='bbox 890 4261 1049 4330; x_wconf 85' lang='lat' dir='ltr'>planissima</span> <span class='ocrx_word' id='word_1_254' title='bbox 1068 4263 1095 4315; x_wconf 89' lang='lat' dir='ltr'><strong><em>A</em></strong></span> <span class='ocrx_word' id='word_1_255' title='bbox 1182 4264 1196 4315; x_wconf 85' lang='grc'><strong>7</strong></span> <span class='ocrx_word' id='word_1_256' title='bbox 1215 4278 1292 4315; x_wconf 91' lang='lat' dir='ltr'>mons</span> <span class='ocrx_word' id='word_1_257' title='bbox 1313 4262 1356 4316; x_wconf 81' lang='lat' dir='ltr'>dei</span> 
     </span>
     <span class='ocr_line' id='line_1_29' title="bbox 209 4348 1358 4422; baseline -0.002 -17"><span class='ocrx_word' id='word_1_258' title='bbox 209 4358 319 4407; x_wconf 79' lang='lat' dir='ltr'>sanctus</span> <span class='ocrx_word' id='word_1_259' title='bbox 340 4353 414 4422; x_wconf 74' lang='lat' dir='ltr'>Syna</span> <span class='ocrx_word' id='word_1_260' title='bbox 435 4348 611 4406; x_wconf 69' lang='lat' dir='ltr'>conlocatae</span> <span class='ocrx_word' id='word_1_261' title='bbox 665 4350 747 4418; x_wconf 75' lang='lat' dir='ltr'>aqui</span> <span class='ocrx_word' id='word_1_262' title='bbox 767 4350 794 4402; x_wconf 88' lang='lat' dir='ltr'><strong><em>A</em></strong></span> <span class='ocrx_word' id='word_1_263' title='bbox 849 4350 883 4402; x_wconf 81' lang='lat'>18</span> <span class='ocrx_word' id='word_1_264' title='bbox 902 4352 1029 4404; x_wconf 86' lang='lat' dir='ltr'>estimare</span> <span class='ocrx_word' id='word_1_265' title='bbox 1049 4353 1075 4403; x_wconf 84' lang='lat' dir='ltr'><strong><em>A</em></strong></span> <span class='ocrx_word' id='word_1_266' title='bbox 1126 4351 1159 4404; x_wconf 83' lang='lat'>23</span> <span class='ocrx_word' id='word_1_267' title='bbox 1177 4351 1295 4417; x_wconf 77' lang='lat' dir='ltr'>sortasse</span> <span class='ocrx_word' id='word_1_268' title='bbox 1314 4350 1358 4403; x_wconf 74' lang='lat' dir='ltr'>clei</span> 
     </span>
    </p>
   </div>
   <div class='ocr_carea' id='block_1_6' title="bbox 0 0 1574 4942">
    <p class='ocr_par' dir='ltr' id='par_1_13' title="bbox 0 0 1574 4942">
     <span class='ocr_line' id='line_1_30' title="bbox 0 0 1574 4942; baseline 0 0"><span class='ocrx_word' id='word_1_269' title='bbox 0 0 1574 4942; x_wconf 95' lang='lat' dir='ltr'> </span> 
     </span>
    </p>
   </div>
  </div>
 </body>
</html>
