3125 4942
260 397 326 460 274
554 393 712 447 Itinera
739 390 1115 460 Hierosolymitana

260 609 346 654 oram
375 587 470 672 longo
495 589 621 652 tramite
650 587 858 672 protenditur,
883 590 1023 651 montem
1047 587 1085 650 ab
1110 586 1282 669 aquilonali
1304 587 1406 669 plaga,

259 696 365 760 lacum
393 715 467 760 uero
497 697 535 760 ab
565 695 698 760 australi
725 695 844 759 habeus
873 695 912 758 ab
941 711 1057 758 occasu
1086 693 1117 756 in
1145 696 1249 757 ortum
1282 697 1407 757 extensa

260 802 418 887 dirigitur.

463 941 560 996 XXVI.
579 941 628 996 DE
648 940 841 996 Nathabres
860 940 907 994 ΕΤ
925 938 1099 995 ECCLESIA
1116 939 1208 993 EIVS.

308 1068 429 1134 Ciuitas
461 1067 629 1148 Nazareth,
658 1071 695 1134 ut
722 1067 885 1144 moulins,
914 1067 969 1149 qui
1001 1066 1033 1130 in
1067 1085 1104 1130 ea
1136 1066 1317 1148 hospitatus
1351 1069 1407 1143 est,
1435 1085 1448 1124 a

262 1181 376 1252 narrat,
401 1180 433 1241 et
460 1176 531 1258 Ipsa
558 1178 596 1239 ut
619 1174 839 1258 capharnaum
867 1193 1029 1238 murorum
1054 1173 1210 1238 ambibum
1233 1172 1410 1236 nonhabet

263 1301 358 1365 supra
384 1286 525 1347 montem
551 1282 666 1365 posim,
696 1281 828 1365 grandia
854 1284 959 1344 tamen
986 1279 1111 1362 lapidea
1142 1278 1238 1343 habet
1270 1278 1410 1342 aedificia

262 1389 443 1470 ibidemque
477 1387 556 1451 duae
590 1387 779 1472 pergrandes
817 1385 974 1449 habentur
1009 1387 1210 1450 constructae
1246 1385 1409 1466 ecclesiae,

263 1515 325 1559 una
352 1494 383 1558 iu
413 1495 517 1559 medio
547 1494 688 1558 ciuitatis
716 1495 788 1559 loeo
817 1512 913 1575 super
936 1493 1015 1558 duos
1038 1491 1170 1556 fundata
1193 1510 1333 1568 cancros,
1356 1491 1410 1556 ubi

265 1601 422 1684 quondam
446 1600 502 1664 illa
525 1601 629 1664 iuerat
652 1601 765 1664 domus
791 1599 964 1676 aedificata,
985 1599 1142 1664 Dominus
1165 1599 1198 1662 iu
1221 1617 1284 1679 qua
1304 1601 1411 1662 noster
1427 1621 1450 1660 a

263 1707 403 1771 nutritus
428 1709 478 1770 est
501 1708 651 1771 saluatur.
683 1707 771 1772 Haeo
793 1707 901 1788 itaque
926 1705 1035 1770 eadem
1059 1704 1195 1769 ecclesia
1218 1705 1353 1788 duobus.
1376 1707 1411 1766 ut

264 1814 411 1896 superius
441 1813 560 1876 dirtum
590 1817 649 1890 est,
673 1813 809 1877 tumulis
838 1817 870 1878 et
896 1811 1093 1894 interpositis
1121 1811 1248 1875 arcibus
1271 1810 1412 1875 subfulta

263 1920 360 1985 habet
395 1919 525 1984 iuferius
564 1919 645 1983 iuter
683 1919 811 1985 eosdem
847 1920 990 1983 tumulos
1025 1917 1262 1982 lucidIssimum
1293 1917 1411 1982 fontem

265 2026 473 2100 conlocatum,
499 2044 592 2107 quem
615 2030 702 2092 totus
727 2026 844 2090 ciuium
869 2025 1048 2108 frequentat
1069 2026 1209 2107 populus
1233 2023 1271 2087 de
1288 2023 1345 2089 illo
1364 2043 1412 2087 er-

264 2133 412 2197 hauriens
432 2151 557 2215 uorem,
573 2137 606 2195 et
625 2133 662 2198 de
681 2132 776 2198 latice
796 2132 907 2196 eodem
926 2151 1052 2196 sursum
1071 2131 1102 2194 iu
1122 2130 1288 2195 ecelesiam
1306 2149 1411 2212 super·
1431 2152 1454 2194 u
1540 2178 1541 2183 1

266 2238 462 2304 aedificatam
479 2258 561 2322 aqua
574 2241 605 2303 iu
621 2240 763 2304 uasculis
777 2259 834 2322 per
847 2240 981 2304 trocleas
1001 2239 1186 2323 subrigitur.
1210 2239 1318 2302 Altera
1337 2255 1411 2300 uero

266 2345 401 2410 ecclesia
429 2346 461 2409 in
490 2364 526 2410 eo
555 2347 706 2410 fabricata
735 2346 977 2422 hebetantem,
1004 2345 1060 2409 ubi
1088 2343 1144 2409 illa
1169 2345 1273 2409 iuerat
1300 2343 1412 2408 domus

266 2454 457 2528 constructa,
486 2452 518 2516 in
551 2471 613 2533 qua
642 2451 794 2518 Gabribel
826 2452 1034 2536 archangelus
1062 2451 1103 2516 ad
1128 2452 1253 2516 beatam
1280 2450 1413 2514 Murram

264 2559 429 2643 ingressus
462 2558 579 2624 ibidem
615 2558 723 2623 eadem
756 2559 834 2623 hora
863 2558 963 2623 solam
996 2561 1046 2622 est
1076 2559 1204 2622 locutus
1240 2559 1412 2622 iuuentam.

265 2665 355 2729 Hanc
384 2663 421 2727 de
450 2663 607 2728 Nazareth
636 2665 860 2747 experientiam
889 2684 907 2730 a
934 2667 1043 2730 sancto
1077 2664 1246 2729 didicimus
1273 2663 1413 2738 Amulio,
1429 2686 1455 2726 ao

267 2771 320 2853 qui
349 2771 380 2834 in
410 2771 467 2834 illu
490 2770 614 2834 duabus
638 2771 820 2854 hospitatus
845 2775 894 2836 est
916 2771 1063 2836 noctibus
1087 2775 1120 2836 et
1141 2771 1274 2836 totidem
1303 2771 1413 2836 diebus

269 2883 301 2941 et
332 2877 449 2940 ideirco
482 2876 515 2940 iu
549 2895 585 2942 ea
618 2877 738 2942 diutius
771 2878 925 2960 hospItari
958 2897 1018 2943 uon
1046 2881 1181 2961 poterat,
1209 2879 1283 2960 quia
1308 2879 1414 2960 ipsum

268 2984 401 3068 cogebat
428 2983 569 3047 Iocorum
594 2984 714 3067 peritus
740 2983 858 3049 Christi
882 2984 975 3048 miles
997 2985 1146 3050 festinare
1170 2985 1208 3049 de
1230 2985 1414 3070 Burgunuia

305 3203 317 3254 l
340 3199 373 3254 ab
392 3217 444 3255 om.
464 3201 507 3254 Br
561 3201 685 3256 2locum
703 3200 745 3256 Br
817 3202 936 3255 australe
960 3203 989 3257 Y
1043 3203 1060 3257 3
1080 3159 1287 3272 direpturum
1303 3220 1371 3258 corr.
1393 3205 1417 3258 Z

269 3315 318 3370 dir.
339 3319 449 3369 extensa
466 3316 510 3370 Bt·
562 3319 580 3370 4
597 3315 672 3370 XXV
684 3317 712 3370 P
727 3340 761 3362 =
780 3316 888 3371 XXIIII
907 3317 977 3381 (cod.
995 3317 1071 3385 falae
1089 3275 1152 3423 XII)
1171 3318 1198 3371 Z
1215 3343 1248 3363 =
1267 3319 1355 3374 XXVI
1372 3321 1416 3372 Br

269 3432 366 3485 titulus
390 3431 461 3485 deest
478 3433 510 3485 ia
528 3431 559 3488 Z.
578 3433 667 3486 solum
689 3433 730 3486 De
754 3433 882 3486 nazareth
900 3434 958 3488 Pr
1035 3433 1157 3488 ecclesiIa
1175 3433 1218 3487 Br
1294 3434 1413 3490 beatar-

268 3537 348 3573 naum
368 3519 396 3571 Y
435 3518 586 3588 Sgrandes
600 3519 643 3573 Br
697 3521 846 3575 aecclesiae
864 3520 907 3574 Br
949 3520 1052 3575 9duos
1071 3537 1123 3580 om.
1147 3523 1176 3576 Y
1226 3523 1360 3604 canchros
1374 3524 1417 3576 Br

271 3642 456 3713 requendum
477 3645 505 3696 P
522 3609 657 3713 qussndam
676 3660 745 3698 corr.
766 3647 794 3698 2.
812 3663 848 3701 m.
863 3645 906 3700 Br
987 3645 1112 3700 domiuus
1131 3647 1227 3702 om.Y
1299 3605 1415 3717 iamque

268 3737 301 3786 rii
318 3730 365 3834 P⁵
437 3733 466 3785 11
486 3732 580 3801 itaque
600 3747 651 3788 om.
671 3733 714 3785 Br
760 3753 765 3770 ·
804 3733 1048 3787 duabus—tabuiis
1068 3733 1112 3788 Br
1202 3737 1418 3791 lamentosa

272 3848 304 3902 13
323 3848 417 3900 eodem
432 3863 500 3901 corr.
515 3852 538 3903 1.
556 3847 630 3901 m.Z
703 3849 735 3902 14
755 3849 1009 3903 exaurieusPYBr
1072 3852 1228 3905 memsam
1248 3852 1374 3908 eclesiam
1392 3853 1418 3906 Z

270 3933 521 4004 superaedificatam
536 3937 640 3991 om.Br
687 3938 720 3991 16
736 3953 901 4008 aquacxaq,
916 3954 984 3992 corr.
999 3939 1215 3994 2.m.Brsolrar
1269 3941 1374 3995 cocleas
1392 3940 1419 3994 Y

271 4023 426 4092 subregitur
439 4023 500 4077 ΡΥ
543 4025 574 4077 17
595 4025 693 4078 eclesia
710 4025 987 4079 delctahtteramZ
1037 4029 1069 4081 19
1087 4027 1201 4097 ibidem]
1221 4027 1259 4082 ibi
1279 4029 1415 4098 superedi-

270 4113 379 4166 ficatam
399 4111 441 4164 Br
530 4113 650 4166 solamen
671 4113 777 4168 Iocutus
796 4114 822 4167 Z
842 4114 949 4168 locutus
972 4116 1056 4169 solam
1081 4119 1123 4170 est
1144 4117 1290 4171 inuentaus
1314 4118 1341 4171 Υ
1360 4119 1416 4172 sola

269 4201 376 4254 Iocutus
401 4203 444 4254 est
461 4200 572 4254 inuenta
591 4201 634 4254 Br
724 4203 758 4256 20
777 4203 907 4257 nazareht
924 4205 952 4257 P
967 4208 1078 4257 nazaret
1094 4205 1138 4258 Br
1226 4205 1375 4261 dedimruus
1391 4206 1418 4260 P

270 4290 302 4342 21
325 4289 371 4357 qui
390 4288 429 4340 ibi
449 4289 491 4340 Br
544 4290 578 4342 23
597 4289 732 4359 burgunia
749 4291 777 4344 P
793 4291 916 4360 buguuia
934 4309 1003 4349 corr.
1022 4297 1045 4347 1.
1065 4311 1098 4346 aa.
1119 4311 1152 4348 erc
1170 4295 1291 4364 gubuuia
1309 4297 1337 4351 Ζ
