3125 4942
275 468 339 532 132
581 463 736 519 Itinera
763 464 1131 534 hierosolymitana

274 659 435 725 Galilaeae
455 658 595 743 aperitur
613 658 786 734 exordium,
806 657 910 739 quoad
930 657 995 721 uici
1013 657 1150 721 Bacatao
1172 655 1250 721 fines
1270 660 1421 745 attingat:

270 766 342 848 ipso
361 770 469 831 autem
486 765 560 831 uico
580 765 674 829 etiam
689 764 801 847 Tyriae
820 767 920 829 terrae
933 762 1012 829 fines
1031 764 1289 833 determinantur.
1309 766 1421 852 Longi

271 872 392 939 tudinis
412 890 539 955 quoque
563 872 633 938 eius
655 871 784 937 initium
808 872 900 936 uicus
919 874 973 936 'est
992 872 1015 953 †
1032 870 1175 949 Thoana,
1199 870 1271 937 finis
1289 872 1421 937 Thoalla

271 979 397 1045 Iordani
419 978 584 1045 finitimus.
624 978 707 1044 Hinc
729 978 875 1062 intellegi
898 977 1001 1055 datur,
1025 980 1179 1060 quantum
1202 996 1237 1043 se
1259 977 1421 1062 porrigant

271 1086 374 1169 spatia
393 1085 553 1153 Galilaeae
573 1084 755 1168 superioris,
775 1084 869 1149 cuius
891 1082 1020 1150 initium
1038 1083 1179 1149 Iordanis
1199 1086 1259 1162 est,
1277 1084 1331 1151 uel
1350 1085 1418 1151 eius
1448 1108 1463 1149 ι

271 1192 415 1259 confinia.
454 1193 524 1258 Hac
551 1192 651 1277 igitur
677 1210 753 1257 suae
780 1190 1010 1275 magnitudinis
1038 1190 1258 1257 aestimatione
1286 1195 1419 1273 utraque

271 1299 415 1365 Galilaea
436 1298 655 1385 distinguitur.

315 1408 409 1472 Terra
446 1408 553 1471 autem
590 1406 731 1489 pinguis,
769 1406 915 1485 herbosa,
952 1404 1077 1470 diuerso
1120 1404 1264 1481 culturae
1305 1422 1419 1489 genero

269 1513 383 1595 nitens,
403 1512 554 1578 distincta
572 1512 747 1588 arboribus,
771 1516 810 1576 ut
829 1512 976 1595 quemuis
996 1510 1126 1577 adliciat
1144 1510 1183 1575 ad
1209 1510 1258 1575 sui
1283 1510 1418 1594 gratiam

269 1623 302 1683 et
323 1619 514 1703 fugitantem
536 1618 682 1685 labomm
702 1617 741 1682 ad
760 1618 866 1683 studia
886 1618 1028 1683 culturae
1047 1616 1163 1682 inuitet
1181 1618 1276 1699 atque
1295 1617 1419 1683 excitet
1437 1642 1464 1682 ro
1552 1606 1553 1613 '

268 1725 414 1808 Denique
437 1725 525 1789 nulla
546 1725 599 1790 hio
621 1726 675 1789 uel
698 1725 813 1809 exigua
830 1728 931 1791 terrae
954 1724 1058 1807 portio
1078 1726 1182 1799 uacat,
1201 1722 1419 1805 frequentatur

267 1832 426 1914 plerisque
448 1830 710 1896 inhabitantibus.
735 1828 870 1895 Crebrae
889 1830 994 1908 urbes,
1013 1829 1078 1895 uici
1100 1830 1292 1912 frequentes,
1310 1828 1418 1894 multi·

267 1938 345 2003 tudo
375 1938 539 2003 hominnm
562 1936 815 2015 innumerabilis,
843 1941 881 2001 ut
904 1936 1037 2021 exiguus
1061 1936 1152 2002 uicus
1174 1936 1207 2001 in
1230 1955 1289 2001 suo
1312 1939 1417 2001 tractu

266 2042 382 2109 haheat
403 2044 462 2109 XV
485 2044 575 2107 milia
597 2042 853 2109 inhabitantium.

311 2152 392 2215 Item
418 2150 514 2233 paulo
541 2152 629 2232 post:
662 2148 878 2225 ,Samaritana
906 2166 1032 2231 quoque
1059 2148 1157 2233 regio,
1191 2148 1305 2232 inquit,
1333 2150 1417 2215 inter
1435 2172 1463 2213 rs

265 2256 415 2321 Iudaeam
434 2274 470 2321 ac
486 2254 661 2321 Galilaeam
678 2255 784 2321 media
802 2257 895 2334 iacet,
914 2254 1069 2339 incipiens
1091 2275 1109 2321 a
1127 2255 1211 2330 uico,
1231 2256 1283 2321 cui
1301 2274 1415 2320 nomen

265 2367 316 2427 est
333 2362 454 2442 Helias,
475 2361 623 2429 deficiens
642 2362 674 2426 in
693 2364 778 2427 terra
790 2362 1106 2439 acrabathenorum,
1126 2366 1239 2427 natura
1257 2362 1417 2428 consimili

264 2488 322 2534 neo
347 2469 416 2534 ullo
445 2468 591 2534 differens
618 2488 637 2533 a
664 2470 789 2535 Iudaea.
832 2469 973 2553 Utraque
1002 2469 1085 2533 enim
1117 2472 1288 2535 montuosa
1319 2472 1415 2552 atque

265 2575 451 2658 campestris
484 2579 534 2640 est
563 2594 620 2658 pro
651 2577 795 2640 locomm
828 2576 1022 2653 diuersitate,
1061 2594 1162 2658 neque
1194 2578 1262 2639 tota
1294 2576 1414 2659 campis

301 2765 429 2837 lgalile
447 2766 478 2819 Ε
493 2766 621 2835 gallileae
639 2766 668 2821 P
754 2766 860 2835 peritur
878 2764 986 2819 exordio
1005 2766 1036 2820 Ε
1126 2764 1198 2835 qnod
1218 2765 1252 2819 ab
1271 2765 1368 2821 hecate
1385 2766 1419 2819 Ε

264 2854 336 2925 quod
359 2873 376 2909 a
398 2855 459 2909 uico
484 2854 617 2909 bechatae
635 2855 663 2910 P
685 2854 758 2925 qnod
788 2853 822 2907 ad
845 2854 900 2908 uici
927 2853 1059 2908 batathae
1082 2854 1151 2923 Hep.
1179 2856 1277 2924 uno
1301 2854 1335 2909 ad
1359 2856 1413 2909 uici

261 2944 392 2999 bathatae
415 2943 484 3014 Hep.
507 2944 591 3015 ιιιιῑρο
615 2944 705 3014 quoad
728 2944 783 2997 uici
807 2944 927 2999 Bacatae
951 2960 999 2999 em.
1022 2944 1080 2999 Iul.
1107 2943 1212 2999 Caesar
1345 2944 1413 2999 fines

262 3048 313 3086 om.
332 3032 361 3085 P
430 3032 546 3103 attingit
563 3032 594 3087 Ε
645 3032 744 3086 2tirie
763 3031 797 3086 de
815 3034 888 3087 terre
906 3032 974 3087 fines
994 3030 1190 3087 determinatur
1207 3032 1239 3086 Ε
1251 3034 1338 3103 tyriae
1351 3034 1415 3087 finio

261 3126 350 3175 terrae
370 3120 565 3175 determinatur
577 3121 606 3174 P
621 3121 709 3190 tyriae
726 3123 816 3174 terrae
834 3120 902 3174 fines
921 3119 1139 3175 determinantur
1151 3120 1221 3191 Hep.
1258 3122 1275 3176 3
1288 3122 1372 3176 ttalla
1385 3122 1415 3176 E

260 3210 366 3264 thoalla
379 3210 407 3262 P
417 3209 506 3263 thalla
518 3208 587 3279 Hep.
601 3210 702 3279 aalpo‚·
713 3209 821 3263 Meroth
835 3224 904 3263 corr.
918 3208 976 3263 Iul.
995 3208 1100 3263 Caesar
1114 3210 1175 3264 coll.
1190 3210 1292 3279 Ioseph
1305 3210 1331 3266 b.
1346 3210 1412 3265 Iud.

262 3298 324 3358 ΙΙΙ,
345 3301 407 3359 3.1
510 3297 577 3351 fines
596 3298 653 3351 ΕΡ
668 3298 730 3351 finis
749 3300 791 3351 est
810 3298 880 3367 Hep.
983 3297 1083 3351 rotella
1101 3298 1132 3352 Ε
1146 3297 1252 3352 thoalla
1270 3298 1298 3351 P
1315 3298 1416 3353 Thelia

261 3386 318 3440 Iul.
340 3385 446 3440 Caesar
463 3402 525 3440 cam
543 3386 661 3455 Iosepbo
749 3387 768 3439 4
786 3384 911 3439 iordanes
930 3384 961 3439 E
976 3386 1096 3440 iordanis
1114 3386 1143 3439 P
1232 3386 1295 3441 hinc
1315 3404 1368 3442 om.
1388 3388 1416 3441 P

260 3473 379 3542 intelligi
398 3472 430 3527 Ε
526 3475 675 3543 porregant
691 3473 720 3527 P
808 3474 945 3542 hispatio
964 3472 1064 3542 galilee
1082 3472 1113 3525 Ε
1130 3472 1222 3542 spacia
1240 3473 1370 3542 gallileae
1388 3475 1419 3528 P

261 3563 412 3631 superiores
430 3562 458 3615 P
529 3562 665 3631 lgalilea
683 3561 711 3614 P
780 3560 961 3617 8erhosaE
1036 3560 1145 3617 diuerru
1163 3562 1192 3617 P
1243 3561 1415 3619 9distincta

260 3650 402 3705 arboribus
426 3666 478 3705 om.
500 3650 532 3705 Ε
632 3650 757 3719 quamuis
779 3650 808 3704 P
896 3650 1015 3705 adliceat
1032 3650 1063 3705 Ε
1079 3650 1183 3705 alliciat
1203 3651 1231 3704 P
1321 3650 1356 3706 10
1386 3656 1417 3707 ct

259 3738 437 3809 fugitantem]
471 3740 575 3809 eringit
603 3744 693 3794 autem
720 3740 751 3795 Ε
782 3740 880 3809 effugit
912 3743 1004 3793 autem
1030 3739 1058 3793 P
1089 3742 1118 3793 et
1148 3739 1312 3809 fugitantem
1340 3740 1414 3812 Περ,

259 3826 360 3881 laboris
378 3827 448 3897 Περ.
469 3828 617 3883 Olabores
634 3828 704 3898 Ηιρ,
723 3829 809 3897 ucho
882 3827 970 3897 adquo
988 3828 1019 3883 Ε
1099 3829 1131 3883 11
1153 3832 1237 3898 negat
1255 3828 1282 3881 P
1355 3830 1413 3884 tre·

260 3920 375 3985 quenter
392 3916 419 3969 P
510 3918 543 3971 12
561 3917 685 3987 plurimis
703 3916 904 3971 inabitantibus
923 3918 953 3971 Ε
1023 3916 1097 3971 urhis
1115 3917 1143 3971 P
1232 3918 1266 3972 13
1285 3918 1414 3973 innume·

258 4004 359 4059 nabiles
377 4004 405 4057 P
511 4006 540 4059 in
559 4022 607 4060 suo
627 4006 709 4060 abeat
724 4006 756 4061 Ε
770 4007 800 4059 in
819 4023 869 4060 sua
887 4005 989 4060 habeat
1005 4005 1034 4059 P
1054 4008 1145 4060 tractu
1168 4006 1270 4060 addidi
1288 4023 1322 4061 ex
1339 4006 1412 4077 Hep.

262 4095 294 4148 15
313 4093 408 4163 inquid
426 4094 455 4148 P
509 4096 541 4149 16
560 4094 668 4149 iudeam
686 4093 743 4148 ΕΡ
796 4095 837 4164 ac]
858 4094 893 4148 ad
911 4096 1041 4164 Estque
1060 4094 1087 4147 P
1140 4094 1312 4165 galileamE
1330 4096 1413 4165 galli·

256 4183 366 4237 leamP
402 4184 434 4237 17
454 4182 545 4237 aeleas
559 4182 629 4254 Περ.
646 4182 671 4236 0
683 4183 750 4237 elias
769 4184 839 4252 Heg.
858 4183 944 4252 culpo
1000 4182 1136 4238 diffiniens
1155 4184 1183 4239 P
1235 4183 1331 4237 arabet
1349 4184 1411 4239 the·

256 4288 352 4326 ncram
374 4271 406 4324 Ε
430 4271 684 4326 acrabathtenomm
707 4272 735 4325 P
760 4272 996 4326 acrabattenorum
1023 4272 1092 4342 Περ.
1121 4272 1144 4327 0
1167 4272 1411 4328 acrabathenorum

257 4360 327 4429 Hep.
345 4360 429 4428 culpo
486 4359 519 4415 18
538 4360 595 4413 nlla
614 4360 641 4413 P
711 4360 793 4413 iudea
810 4360 867 4415 ΕΡ
937 4361 1025 4432 adque
1043 4362 1098 4415 ΕΡ
