3125 4942
243 420 284 482 40
540 415 696 470 Itinere
724 415 1098 485 Hierosciynritaua

244 610 363 688 ascitis,
397 614 429 676 et
462 610 537 694 quid
568 610 680 693 plura?
713 610 817 693 qualis
845 610 962 695 dignus
991 613 1042 675 est
1074 628 1145 676 esse
1175 612 1208 676 in
1241 630 1277 677 eo
1309 612 1391 677 loco.

245 716 458 782 Occurreruut
480 718 575 782 etiam
600 720 632 782 et
655 717 708 781 aiii
731 716 919 801 presbyteri,
942 736 1001 783 nec
1023 737 1085 782 non
1109 718 1205 783 etiam
1229 722 1262 783 et
1285 738 1393 784 omnes

244 824 400 903 monachi,
425 824 479 906 qui
508 824 551 888 ibi
576 824 851 890 commorabantur
878 826 970 895 iuxta,
987 828 1128 891 muntem
1156 825 1260 904 ilium,
1287 825 1394 890 idest

245 930 299 1013 qui
325 933 431 995 tamen
460 935 516 995 aut
542 929 752 997 inbecillitate
780 935 837 996 aut
864 935 967 997 aetate
994 950 1055 996 uun
1082 931 1212 996 fuerunt
1237 931 1393 1014 impediti.

201 1035 220 1095 5
247 1036 361 1102 Verum
382 1041 489 1102 autem
512 1038 544 1102 in
567 1037 639 1121 ipsa
662 1039 847 1103 summitate
870 1038 988 1103 mentis
1011 1038 1101 1104 illius
1125 1038 1263 1103 mediani
1286 1038 1394 1103 nullus
1425 1060 1438 1098 3
1552 1095 1553 1134 ᾖ

245 1146 437 1219 commanet3
470 1144 569 1208 nichil
603 1145 686 1209 enim
719 1148 768 1209 est
801 1145 846 1209 ibi
879 1145 966 1210 aliud
996 1145 1059 1210 nisi
1092 1146 1161 1212 sela
1197 1145 1332 1210 ecclesia
1363 1148 1396 1210 et

202 1246 221 1311 6
246 1250 408 1333 spelunca,
432 1250 488 1316 ubi
510 1251 573 1315 fuit
597 1254 726 1316 sanctus
745 1251 885 1335 Moyses.
909 1252 1007 1317 Lecto
1028 1271 1103 1335 erge
1122 1252 1192 1335 ipsu
1212 1253 1287 1344 'loco
1311 1252 1396 1318 omni

246 1356 283 1421 de
302 1356 383 1422 libro
398 1357 503 1442 Mopsi
523 1361 555 1423 et
571 1358 657 1423 facta
676 1358 835 1423 oblatione
858 1358 965 1423 urdine
989 1378 1047 1424 suo
1071 1360 1131 1425 hac
1155 1360 1202 1425 sic
1221 1360 1397 1424 communi·

246 1465 392 1529 cautibus
421 1464 523 1543 nubis,
551 1465 616 1530 iam
643 1468 681 1530 ut
708 1464 863 1530 exiremus
887 1464 926 1529 de
950 1458 1094 1543 ecclesia,
1123 1465 1278 1530 dedemnt
1303 1464 1396 1531 uobis
1552 1537 1553 1542 ἵ

245 1570 420 1653 presbyteri
447 1571 510 1637 loci
533 1572 634 1653 ipsius
658 1571 813 1656 eulogias,
840 1571 875 1635 id
898 1575 948 1635 est
970 1571 1008 1635 de
1030 1572 1146 1653 pomis,
1170 1572 1302 1654 quaein
1325 1572 1395 1655 ipse
1416 1594 1444 1631 m

246 1680 352 1743 moute
381 1680 565 1743 nascuntur.
597 1678 680 1743 Num
709 1696 783 1742 cum
815 1676 885 1760 ipse
912 1696 1004 1743 mous
1037 1681 1166 1742 sanctus
1196 1676 1281 1761 Syna
1307 1681 1395 1743 tetus

247 1784 390 1867 petrinus
414 1784 466 1861 sit,
491 1784 593 1849 itaut
615 1802 673 1849 nec
691 1784 839 1849 fruticem
859 1782 984 1860 habeat,
1008 1787 1115 1847 tamen
1134 1783 1282 1849 deorsum
1299 1801 1396 1866 prope

247 1890 384 1956 radicem
402 1891 559 1955 mentium
576 1890 730 1973 ipsorum,
750 1890 783 1955 id
799 1893 849 1956 est
867 1908 923 1955 seu
939 1888 1022 1955 circa
1040 1890 1137 1964 illius,
1158 1890 1211 1972 qui
1232 1890 1396 1955 medianus

248 2000 306 2075 est,
336 2017 393 2063 seu
417 1996 660 2075 circuituram,
686 1998 741 2081 qui
764 2016 821 2081 per
843 1996 911 2081 gire
935 1999 1019 2077 sunt,
1047 1996 1173 2061 medica
1197 1997 1310 2061 terrola
1333 2001 1396 2073 est;

248 2104 356 2168 statim
385 2104 487 2168 sancti
514 2104 660 2169 monachi
692 2123 748 2187 pro
777 2102 942 2189 diligentia
974 2122 1032 2167 sua
1059 2103 1244 2168 arbusculas
1276 2106 1399 2187 ponunt
1419 2128 1447 2168 rs

249 2214 281 2273 et
303 2210 477 2291 pemeriula
500 2210 674 2275 instituunt
696 2212 750 2276 uel
770 2211 926 2276 orationes
946 2215 979 2275 et
1000 2209 1089 2274 iuxta
1111 2209 1173 2274 sibi
1196 2210 1397 2287 monasteria,

249 2315 341 2396 quasi
369 2316 539 2409 exipsius
572 2318 690 2381 montis
723 2321 807 2381 terre
838 2316 962 2398 aliquos
995 2316 1121 2380 fructus
1148 2316 1285 2398 capiant,
1318 2334 1396 2398 quus

206 2420 353 2486 7tamen
391 2424 538 2488 manibus
578 2424 646 2489 suis
684 2422 864 2488 elaborasse
902 2422 1081 2488 uideantur.
1127 2421 1196 2486 Hac
1233 2423 1279 2488 sic
1312 2442 1397 2506 ergo,

248 2531 455 2611 posteaquam
493 2531 841 2596 communicaueramus
875 2533 908 2595 et
943 2530 1092 2595 dederant
1132 2529 1223 2595 nubis
1255 2529 1398 2613 eulogias

250 2635 350 2699 sancti
368 2635 416 2699 iili
436 2639 469 2700 et
487 2636 609 2720 egressi
632 2656 743 2702 sumus
762 2637 846 2702 foras
866 2637 1008 2701 hostium
1028 2636 1192 2712 ecclesiae,
1214 2639 1291 2701 tunc
1309 2636 1399 2717 coepi
1418 2662 1449 2702 3ο
1552 2651 1553 2702 1

250 2760 304 2806 eos
332 2760 454 2827 rogare,
482 2746 520 2808 ut
548 2744 751 2810 ostenderent
777 2744 870 2809 nobis
899 2743 1026 2828 singula
1054 2744 1134 2807 loca.
1173 2742 1261 2807 Tunc
1289 2743 1399 2807 statim
1552 2731 1553 2734 '

250 2848 297 2913 3113
331 2850 433 2914 sancti
462 2849 584 2934 dignati
617 2854 691 2915 suut
718 2849 847 2935 singula
874 2848 1048 2915 ostendere.
1084 2848 1166 2913 Nam
1195 2848 1401 2914 ostenderunt

250 2955 342 3021 uobis
372 2956 555 3040 speluncam
578 2957 677 3034 iilam,
702 2957 758 3022 ubi
782 2957 846 3022 fuit
868 2959 998 3021 sanctus
1021 2955 1161 3039 Moyses,
1185 2975 1259 3020 cum
1285 2955 1399 3020 iterate

252 3064 448 3129 ascendisset
465 3064 498 3128 in
517 3066 659 3130 montem
677 3064 748 3143 Dei,
768 3067 808 3129 ut
826 3064 983 3147 acciperet
1002 3062 1104 3127 denuo
1124 3061 1261 3138 tabulas,
1276 3067 1399 3144 postea·
1552 3135 1553 3156 ἶ

251 3188 344 3251 quam
374 3172 494 3253 priores
523 3171 595 3235 illas
624 3171 761 3255 fregerat
788 3175 938 3253 peccante
966 3170 1095 3253 pupulo,
1125 3171 1157 3233 et
1184 3172 1289 3233 cetera
1318 3169 1449 3243 133333

252 3294 470 3357 quaecumque
503 3276 770 3355 desiderabamus,
803 3277 856 3342 uel
885 3294 966 3358 quae
997 3274 1060 3358 ipsi
1092 3274 1207 3339 melius
1240 3278 1400 3353 nouerant,
1552 3257 1553 3276 ³

208 3381 372 3465 Sdignati
404 3383 671 3450 33333333331333
702 3384 805 3449 uobis.
846 3382 932 3447 Illud
965 3384 1073 3447 autem
1105 3400 1164 3445 uos
1201 3381 1275 3447 uolo
1310 3382 1400 3461 scire,

253 3489 397 3555 dominae
427 3491 622 3556 uenerabiles
652 3509 786 3567 sorores,
811 3489 947 3572 quiade
972 3508 1008 3553 3ο
1036 3489 1117 3566 luce,
1142 3488 1196 3554 ubi
1226 3489 1401 3565 stabamus,

252 3597 284 3660 id
309 3597 412 3662 estin
437 3598 504 3681 giro
527 3598 665 3680 parietes
689 3596 854 3675 ecclesiae,
883 3595 917 3660 id
941 3599 991 3661 est
1014 3594 1052 3661 de
1077 3596 1262 3661 summitate
1284 3596 1402 3662 montis

343 3827 357 3879 3
378 3800 416 3880 a?
432 3824 514 3880 3333.
535 3825 578 3892 33,
598 3826 632 3879 33
687 3826 721 3881 33
741 3828 774 3881 er.
794 3826 879 3881 uxor.
899 3826 934 3880 33
988 3824 1024 3879 33
1043 3821 1076 3878 er.
1095 3822 1179 3877 rma
1198 3822 1243 3885 33
1264 3822 1297 3876 33

288 3966 474 4021 433333331133
475 3970 519 4020 ate
538 3968 564 4019 A
647 3969 719 4020 etate
738 3966 765 4019 A
853 3963 1023 4019 7333333331
1042 3964 1114 4017 curui
1133 3962 1233 4031 scripsi
1250 3977 1311 4016 333333
1331 3960 1403 4015 013-

254 4056 370 4111 1333331
437 4056 584 4119 933333333;
604 4056 631 4109 Α
701 4056 734 4109 14
754 4053 1025 4109 3333313Δ3333313
1046 4050 1223 4107 0133333331
1292 4051 1326 4104 36
1345 4066 1403 4103 ura·

254 4145 353 4213 tiones]
373 4144 445 4197 333133
462 4143 627 4198 eructandum
645 4150 697 4209 eat,·
715 4144 750 4211 cf.
770 4142 927 4198 3333333333.
945 4159 972 4196 u.
992 4142 1036 4195 uel
1055 4146 1081 4195 33
1099 4140 1186 4195 333333
1225 4140 1258 4192 17
1276 4138 1402 4207 auspicor

254 4232 685 4302 33333333333333333333333133
741 4232 775 4286 28
796 4232 870 4301 quia]
890 4231 935 4299 qui
951 4231 978 4283 A
998 4230 1070 4299 quud
1092 4226 1259 4284 Garaurre'm'
1277 4230 1319 4294 (2)
1339 4226 1405 4295 qaia

254 4338 429 4392 scripseram
450 4321 626 4376 0131333331·
1552 4359 1553 4400 p

1552 4527 1553 4614 3
