3125 4942
555 450 700 505 Petrus
730 448 923 504 diaconus
1249 448 1316 511 107

166 644 273 709 Bedae
296 643 333 708 de
356 643 431 708 loeis
454 644 573 707 sanctis
597 642 670 707 libri
693 662 759 723 rap.
778 642 845 707 let
863 642 905 706 11
922 662 1017 727 usque
1035 642 1209 722 nrt-uerba:
1228 639 1318 717 ‚Per-

491 770 617 831 poueoe
641 748 703 813 illic
726 750 879 813 cisternae
900 750 995 814 sunt!

208 890 410 973 Anonpmus:
446 890 634 976 Sepulcrum
667 908 741 955 uero
766 890 905 967 Domini,
934 891 972 955 de
1005 909 1067 974 qno
1101 908 1197 973 supra
1231 892 1318 953 retu·

164 997 271 1076 limus,
292 1002 342 1063 est
364 999 553 1064 fabricatum
572 998 603 1063 in
623 998 727 1063 medio
745 998 869 1080 templi.
889 997 1044 1080 templum
1062 1016 1138 1062 uero
1161 996 1193 1060 in
1214 996 1320 1061 media

138 1129 150 1168 s
166 1104 296 1170 ciuitate
312 1107 419 1171 eontra
437 1106 615 1187 aquilonem
641 1124 702 1169 non
721 1104 815 1189 longe
835 1106 962 1187 sporta
980 1104 1095 1169 Dauid.
1118 1102 1198 1170 Post
1215 1121 1319 1168 resur-

165 1212 338 1276 rectionem
362 1216 467 1278 autem
493 1215 666 1289 asturius,
693 1210 724 1275 in
750 1231 812 1294 qua
837 1214 948 1277 sancta
969 1211 1071 1275 Maria
1094 1229 1166 1275 oum
1189 1209 1317 1274 domino

165 1316 274 1383 locuta
293 1324 352 1383 est.
387 1317 478 1383 Foris
498 1318 665 1383 ecelesiam
685 1322 768 1384 retro
788 1320 839 1381 est
856 1317 1010 1383 medietas
1030 1317 1127 1394 orbis,
1144 1316 1230 1391 <de>
1254 1336 1316 1398 quo

166 1423 453 1489 looodieitDauid:
468 1424 682 1508 ‘Operatua
702 1444 743 1489 es
763 1424 994 1489 salutemin
1011 1423 1142 1489 medio
1162 1427 1317 1489 terrae‘.

166 1530 257 1595 Alius
291 1531 386 1595 etiam
418 1531 572 1615 propheta
604 1530 695 1596 dicit:
725 1530 841 1595 ‘Haeo
871 1531 974 1595 dicit
1003 1530 1204 1596 dominus:
1235 1528 1317 1595 ista

128 1658 151 1699 ro
169 1640 232 1702 est
253 1636 514 1703 Hierusalem
537 1638 576 1701 in
601 1637 731 1703 medio
756 1637 938 1721 gentium
961 1638 1082 1720 posui
1105 1638 1208 1704 eam'.

195 1742 246 1822 ¹Iu
267 1742 428 1828 Golgotha
452 1746 559 1807 entem
583 1747 633 1807 est
654 1762 729 1826 pars
750 1743 832 1827 ligni
856 1743 1038 1808 salutiferae
1062 1743 1176 1819 erucis,
1199 1742 1232 1806 in
1255 1762 1318 1825 qua

168 1848 306 1913 confixus
328 1853 378 1914 est
395 1848 554 1927 dominus,
574 1853 607 1914 et
624 1849 767 1927 titulum,
788 1848 872 1932 qnod
892 1853 942 1914 est
959 1848 1133 1931 repositum
1151 1848 1183 1913 in
1202 1850 1316 1914 locello

169 1960 327 2038 argenteo.
352 1956 411 2019 Est
433 1955 499 2019 illio
523 1959 555 2019 at
579 1974 686 2033 oornu,
710 1954 794 2019 uude
817 1955 1017 2039 ungebantur
1039 1974 1141 2039 reges,
1166 1958 1199 2020 et
1221 1975 1317 2020 annu-

167 2060 234 2126 lum
258 2060 447 2127 Salomonis.

128 2192 151 2233 ιε
212 2166 282 2231 Non
310 2167 405 2252 longe
434 2172 540 2232 autam
570 2186 588 2231 a
613 2168 786 2234 medietate
812 2168 924 2233 mundi
947 2170 998 2234 est
1021 2188 1140 2246 oa1·oer;
1170 2169 1214 2233 ibi
1242 2188 1316 2235 uero

169 2280 219 2339 est
246 2274 400 2357 alligatio,
424 2274 469 2341 ibi
501 2294 598 2358 propa
627 2279 660 2339 et
686 2274 860 2359 flagellatio
888 2275 995 2358 ibique
1027 2294 1124 2359 prope
1157 2279 1190 2339 et
1217 2276 1317 2358 spinis

170 2381 339 2458 coronatio,
367 2381 413 2446 ibi
440 2400 537 2463 prope
565 2384 613 2447 ost
643 2382 813 2465 dispolutio
842 2384 875 2447 et
901 2381 1085 2447 uestimenti
1114 2381 1239 2448 diuisio.
1281 2381 1317 2447 In

171 2486 317 2554 Caluan'a
335 2490 452 2566 autem,
476 2488 532 2553 ubi
552 2488 719 2554 crucifixus
743 2493 793 2554 est
811 2488 979 2567 Dominus,
1000 2492 1050 2553 est
1072 2507 1163 2553 muns
1188 2490 1321 2567 scissus,

170 2600 203 2659 ot
228 2595 260 2659 in
289 2595 361 2679 ipso
390 2597 498 2660 monte
523 2594 686 2661 caluariae
715 2596 898 2661 ascenditur
923 2615 979 2677 per
1006 2595 1123 2681 gradus
1152 2596 1262 2661 decom
1290 2599 1323 2659 et

130 2706 305 2785 sumptam,
336 2705 368 2767 et
391 2701 437 2766 ibi
460 2700 598 2785 pendant
620 2702 785 2784 lampades
809 2721 925 2767 nouem
948 2722 1022 2767 oum
1050 2702 1186 2787 singulis
1210 2702 1321 2785 nappis

171 2808 339 2893 argenteis.
387 2808 507 2874 Subtus
540 2827 616 2873 uero
650 2812 700 2874 est
732 2807 903 2893 Golgotha‚
942 2809 998 2874 ubi
1036 2809 1152 2874 assidit
1190 2808 1321 2893 sangnis

172 2914 290 2980 Christi
314 2934 410 2999 super
431 2919 552 2999 petram
577 2915 722 2983 scissam.

216 3018 338 3085 Subtus
358 3023 465 3085 autem
483 3024 590 3087 munte
611 3021 774 3089 caluariae
794 3026 903 3088 contra
921 3023 1073 3087 orientem
1093 3025 1143 3087 est
1164 3022 1321 3105 templum

170 3125 299 3191 Domini
319 3145 355 3191 er
373 3126 435 3191 alia
453 3130 540 3210 parte
560 3128 712 3207 ciuitatis,
732 3148 825 3211 quem
847 3129 993 3195 Salomon
1013 3128 1200 3194 aedificarit.
1225 3127 1323 3208 Quat·

129 3260 153 3301 a
172 3235 243 3299 tuor
269 3236 378 3316 portas
406 3234 517 3301 habet:
549 3235 651 3319 pn'ma
678 3235 716 3300 ab
750 3236 878 3317 oriente,
910 3234 1049 3302 secunda
1080 3235 1118 3299 ab
1148 3234 1321 3312 occidente,

172 3340 266 3405 tertia
294 3359 312 3404 a
339 3340 483 3419 moridie,
512 3345 625 3423 quarta
652 3341 691 3405 ab
720 3342 877 3424 aquilone,
911 3361 991 3426 quae
1019 3341 1137 3405 habent
1165 3340 1321 3424 signifiea-

171 3446 292 3511 tionem
320 3449 471 3529 quattuor
498 3448 636 3529 partium
664 3448 785 3527 mundi,
814 3449 853 3513 de
880 3450 957 3514 foris
984 3468 1060 3513 uero
1086 3452 1157 3512 ooto
1186 3446 1321 3531 angulos

171 3554 277 3633 habet,
305 3572 362 3635 per
389 3554 636 3636 unumquodque
660 3555 813 3639 angulum
837 3554 1002 3621 duodecim
1031 3573 1145 3637 passus
1168 3554 1320 3618 uoluitur.

171 3658 208 3724 In
236 3659 378 3725 medium
406 3659 518 3742 templi
541 3663 590 3725 est
613 3680 702 3725 mons
727 3680 861 3745 magnus
889 3660 1104 3726 circumdatus
1136 3659 1321 3744 parietibus,

131 3792 155 3833 so
171 3766 203 3831 in
233 3785 296 3849 quo
323 3766 573 3845 tabernaculum,
607 3765 673 3831 illio
703 3770 735 3831 et
763 3767 857 3831 archa
883 3766 1068 3832 testamenti
1095 3767 1166 3843 fuit,
1196 3786 1276 3850 quae
1304 3785 1322 3831 a

171 3872 368 3957 Vespasiano
401 3872 590 3956 imperatore
624 3873 787 3939 destructo
819 3874 939 3955 templo
972 3874 1091 3938 Rornae
1124 3873 1230 3938 delata
1262 3877 1321 3937 est.

171 3980 199 4045 A
223 3980 322 4045 latere
346 3998 420 4044 uero
441 3978 570 4045 sinistro
590 3980 785 4046 tabernaculi
804 4000 899 4064 super
918 4000 1028 4045 sarum
1046 3980 1156 4063 posuit
1175 3979 1321 4045 dominus

265 4222 400 4277 8Psu1m.
421 4224 465 4287 73,
486 4224 518 4278 12
574 4226 590 4279 9
609 4224 705 4279 Erech.
725 4228 750 4290 5,
770 4226 787 4277 5

210 4346 281 4402 'lde
302 4346 403 4401 addidi
443 4346 474 4400 ll
492 4350 517 4401 et
531 4347 562 4401 21
580 4346 734 4417 golgotaO
787 4346 1011 4419 saintipheraeG
1044 4348 1077 4401 21
1098 4345 1157 4416 nbi]
1176 4345 1216 4400 ibi
1229 4346 1322 4401 litant
