3125 4942
477 434 502 489 S.
533 434 682 489 Siluine
710 435 986 505 peregrinatio
1267 440 1306 505 71

157 633 196 697 ad
225 634 366 697 nestram
395 630 593 695 affectionem
618 630 734 707 darem,
762 631 826 695 iarn
853 631 1008 714 propositi
1032 634 1099 697 erat
1126 632 1308 697 innomine

156 739 278 805 Christi
297 738 357 802 Dei
380 738 480 803 nostri
505 738 544 803 ad
562 737 672 803 Asiam
691 736 871 816 accedendi,
895 737 928 802 id
947 742 997 803 est
1014 738 1157 813 Efesuin,
1181 744 1309 821 propter

155 845 345 928 martyrium
375 844 477 909 sancti
505 847 536 909 et
564 844 649 909 beati
678 844 815 925 apostoli
838 844 988 910 Iohannis
1016 846 1119 929 gratia
1146 845 1307 910 orationis.

156 952 191 1019 Si
215 956 323 1017 antem
349 955 478 1035 etpost
500 951 561 1015 hoc
584 950 616 1014 in
641 968 770 1033 corpore
794 950 894 1026 fuero,
919 951 946 1016 si
969 971 1033 1034 qno
1054 956 1216 1034 praeterea
1238 952 1310 1017 loca

124 1077 135 1111 ὁ
155 1076 348 1143 cognoscere
367 1059 512 1142 potuero,
536 1060 592 1121 ant
609 1058 680 1139 ipse
697 1076 858 1141 praesens,
882 1059 910 1123 si
928 1059 1016 1123 Dens
1035 1059 1132 1123 inerit
1148 1062 1309 1140 praestare

155 1167 320 1249 dignatus,
343 1169 468 1229 uestrae
493 1164 651 1230 affectioni
674 1164 807 1229 referam
834 1167 892 1229 ent
917 1170 1012 1244 certe,
1037 1165 1065 1231 si
1089 1166 1175 1231 alind
1204 1166 1309 1231 animo

155 1272 287 1354 sederit,
307 1271 436 1356 scriptis
454 1270 614 1339 nnntIabo.
638 1270 704 1337 Vos
723 1275 861 1349 tantum,
885 1271 1039 1350 dominae,
1063 1272 1172 1337 lumen
1190 1292 1308 1349 meum,

154 1398 315 1444 memores
340 1378 403 1443 mei
427 1398 496 1443 esse
520 1377 704 1463 dignamini,
733 1379 803 1443 siue
826 1379 857 1442 in
881 1398 1021 1461 corpore,
1046 1379 1201 1444 siriciam
1225 1384 1311 1443 erim

156 1504 272 1568 corpus
297 1484 396 1549 fuero.

113 1612 136 1650 ro
200 1590 246 1657 Ut
266 1596 373 1655 autem
394 1592 492 1655 sciret
510 1590 635 1656 affectio
650 1596 769 1671 nestra,
790 1610 870 1675 quae
885 1592 1024 1674 operatio
1045 1591 1182 1676 singolis
1196 1591 1364 1656 diebns‘dd

156 1697 274 1763 cotidie
311 1697 344 1761 in
376 1697 456 1762 locis
498 1698 617 1763 sanctis
650 1696 815 1777 habeatnr,
854 1702 956 1764 certes
988 1717 1047 1763 nos
1079 1699 1181 1763 iacere
1214 1698 1309 1763 debui

156 1804 273 1881 sciens,
298 1804 374 1886 quie
395 1804 532 1869 libenter·
554 1804 714 1869 haberetis
738 1804 816 1869 haec
841 1823 1040 1889 cognoscere.
1067 1804 1148 1870 Nam
1172 1805 1309 1889 singulis

156 1910 270 1976 diebus
286 1916 358 1975 ante
372 1908 533 1994 pullorum
548 1914 675 1977 cantum
696 1911 881 1995 aperiuntur
899 1913 1005 1976 omnic
1019 1912 1126 1977 hostie
1142 1911 1310 1977 Anastasis

157 2020 189 2082 et
212 2016 406 2083 descendent
435 2036 543 2082 omnes
566 2021 770 2083 monazontes
795 2021 828 2082 et
850 2019 1031 2100 parthenos,
1054 2020 1093 2082 nt
1113 2017 1165 2081 hic
1190 2017 1309 2095 dicunt,

115 2128 275 2189 estnon
305 2122 409 2187 solnm
433 2122 488 2201 hii,
517 2124 574 2189 sed
598 2126 630 2187 et
656 2124 731 2189 laici
754 2127 880 2207 prester
901 2123 963 2188 oiri
987 2126 1043 2188 ant
1066 2124 1225 2202 mulieres,
1254 2124 1310 2206 qni

157 2234 262 2295 tamen
287 2229 403 2296 nolunt
420 2230 576 2296 maturius
596 2229 739 2315 uigilare.
763 2230 805 2294 Et
824 2230 1010 2299 creatora
1032 2249 1134 2313 usquc
1153 2231 1186 2295 in
1203 2231 1308 2295 locem

158 2336 309 2401 dicuntur
330 2337 417 2419 ymni
441 2340 474 2402 et
491 2336 606 2421 psalmi
626 2336 870 2419 respondentur,
889 2336 1036 2403 similiter
1054 2340 1087 2403 et
1105 2336 1308 2426 antiphonae:

158 2446 190 2507 et
217 2446 291 2508 cata
317 2442 462 2527 singulos
489 2462 600 2527 ymnos
628 2442 665 2506 iit
693 2443 803 2508 oratio.
845 2442 927 2508 Nam
953 2443 1131 2528 presbyteri
1161 2442 1228 2507 hini
1255 2443 1309 2506 uel

157 2550 248 2628 temi,
274 2549 421 2615 similiter
439 2554 472 2613 et
490 2549 648 2626 diacones,
673 2548 809 2634 singulis
829 2549 941 2615 diebos
959 2550 1049 2614 uices
1072 2549 1190 2614 habent
1212 2550 1308 2613 simul

115 2676 140 2715 ao
158 2676 229 2721 cum
264 2659 479 2734 monazontes,
517 2656 572 2739 qni
605 2660 676 2721 cata
709 2656 855 2741 singulos
887 2674 1000 2740 ymnos
1034 2655 1088 2721 nel
1119 2655 1309 2739 antiphonas

158 2763 317 2829 orationes
350 2761 469 2828 dicunt.
505 2765 573 2827 Iam
606 2765 712 2827 autern
746 2762 800 2827 uhi
834 2762 973 2846 coeperit
1006 2765 1178 2840 lucescere,
1202 2760 1208 2848 Ι
1231 2764 1309 2827 tunc
1342 2753 1450 2847 2[56]

157 2870 316 2954 incipiunt
329 2871 504 2934 matutinos
518 2888 629 2953 ymnos
649 2869 762 2935 dicere.
787 2870 870 2935 Ecce
890 2874 922 2934 ct
940 2869 1126 2953 superuenit
1140 2869 1309 2952 episcopos

158 2996 228 3041 curn
259 2975 343 3041 clero
377 2980 411 3040 et
442 2976 550 3041 statim
583 2976 758 3059 ingreditur
789 2976 873 3041 intro
906 2975 1058 3057 spelunca
1090 2979 1123 3041 et
1157 2974 1195 3039 de
1227 2974 1309 3039 intro

158 3082 315 3149 cancellos
342 3082 480 3165 primum
504 3082 589 3145 dicet
612 3081 786 3147 orationem
814 3100 871 3166 pro
896 3083 1058 3159 omnibus3
1084 3084 1310 3147 commemorat

115 3209 140 3250 25
158 3188 252 3253 etiam
276 3188 345 3269 ipse
368 3187 506 3265 nomina,
534 3206 667 3269 quorum
691 3189 773 3266 uult,
799 3188 846 3251 sic
868 3187 1037 3252 benedicet
1061 3186 1308 3253 cathecuminos.

157 3294 235 3360 Item
262 3294 347 3359 dicet
371 3294 542 3359 orationem
563 3298 595 3359 et
613 3294 780 3360 benedicet
799 3294 918 3360 fideles.
942 3296 984 3359 st
1007 3295 1159 3378 posthoc
1177 3296 1310 3357 exeunte

158 3402 306 3484 episcopo
335 3399 374 3465 de
406 3400 489 3465 intro
518 3400 675 3465 cancellos
709 3420 819 3467 omnes
854 3400 894 3465 sd
922 3420 1050 3466 menum
1082 3400 1112 3465 ei
1144 3398 1308 3475 accedunt,

159 3511 187 3572 et
208 3507 265 3571 iile
289 3526 344 3572 eos
368 3526 430 3571 nno
455 3511 488 3573 et
511 3526 572 3573 uno
596 3506 763 3572 benedicet
787 3507 894 3573 exiens
921 3507 985 3571 iam
1014 3526 1050 3571 ac
1081 3506 1128 3573 sic
1151 3505 1188 3570 fit
1211 3506 1309 3569 missa

159 3614 218 3691 iam
241 3616 323 3679 lnce.
356 3615 439 3678 Item
461 3614 538 3679 hora
562 3617 650 3679 sexta
673 3612 776 3679 denuo
801 3613 994 3679 descendent
1022 3632 1131 3677 omnes
1161 3610 1309 3676 similiter
1341 3606 1361 3669 3

115 3744 142 3783 oo
160 3720 196 3783 ad
213 3719 397 3785 Anastasim
422 3722 454 3785 et
478 3720 626 3784 dicuntur
643 3720 758 3803 psalmi
779 3722 812 3784 et
830 3718 1031 3801 antiphonae,
1050 3718 1150 3784 donec
1170 3736 1308 3781 commo-

161 3831 250 3891 netur
273 3825 458 3910 episcopns3
483 3826 632 3891 similiter
656 3826 827 3891 descendet
850 3830 883 3891 et
906 3845 968 3891 non
992 3824 1091 3904 sedet,
1117 3823 1174 3889 sed
1197 3823 1307 3889 statim

247 4088 262 4142 8
283 4087 318 4142 oi.
335 4086 364 4141 11
384 4086 443 4142 Cor.
465 4088 504 4151 12,
525 4089 541 4141 3

195 4249 311 4317 tcorpo
330 4246 357 4300 A
396 4247 429 4301 14
446 4246 579 4317 partheno
593 4248 619 4300 A
659 4248 691 4301 15
711 4248 867 4316 praeterat,
886 4250 1027 4315 praetereo
1045 4244 1105 4299 cdd.
1144 4246 1177 4298 16
1195 4243 1264 4296 lnce'
1278 4244 1306 4297 A

164 4336 196 4390 25
214 4337 270 4406 ipse
289 4336 316 4390 A
336 4336 565 4390 conscribendum
584 4336 662 4405 ipsa?
722 4336 755 4391 31
776 4334 924 4389 descendet
942 4351 1011 4390 corr.
1031 4351 1065 4388 cc
1083 4331 1260 4387 descenderet
1278 4332 1305 4385 A
