3125 4942
540 446 681 501 Petrus
710 446 901 501 diaconus
1226 450 1290 513 113

139 644 357 726 apostolorum
379 641 531 726 principis
556 641 689 707 ecclesia
712 640 797 705 iacta
823 646 883 719 est,
908 643 1000 706 cuius
1027 642 1164 726 parietes
1188 663 1289 728 usque

139 752 232 815 bodie
251 751 411 827 irascens,
431 747 516 813 sicut
533 748 669 813 fuerunt.
692 747 742 813 Ibi
759 747 961 832 paraliticum
980 748 1136 813 Dominus
1155 751 1290 816 curauit.

139 858 220 921 liluc
250 858 300 921 θεῖ
323 860 356 919 et
379 872 549 939 synagoga,
573 854 605 919 in
630 874 692 937 qua
715 854 870 919 Dominus
894 854 1132 920 daemoniacum
1156 857 1290 934 curauit,

140 963 179 1027 sd
207 982 303 1045 quam
329 981 386 1045 per
414 962 530 1045 gradus
564 962 685 1027 multos
721 960 915 1036 ascenditur;
949 980 1030 1043 quae
1062 982 1223 1047 synagoga
1254 983 1291 1028 ex

111 1070 300 1153 elapidibus
325 1068 486 1153 quadratis
506 1072 556 1133 θεῖ
578 1068 672 1133 facta.
697 1066 767 1133 Non
787 1070 882 1152 longe
901 1073 1009 1134 autem
1028 1070 1100 1133 inde
1120 1074 1292 1135 cernuntur

140 1176 259 1260 gradus
282 1176 410 1260 lapidei,
435 1194 531 1256 super
553 1194 633 1257 quos
656 1175 812 1240 Dominus
837 1177 937 1241 stetit.

185 1283 308 1349 ibidem
324 1302 399 1347 uero
421 1300 516 1365 super
534 1300 619 1346 mare
639 1284 689 1347 θεῖ
703 1299 835 1365 campus
850 1281 1015 1359 herbosus,
1030 1284 1147 1348 hebens
1163 1285 1292 1349 foenum

141 1390 220 1455 setis
245 1392 278 1454 et
301 1389 427 1453 arbores
451 1388 627 1471 palmarum
650 1387 769 1453 multos
794 1393 828 1452 et
848 1388 935 1452 iuxta
960 1408 1012 1454 eas
1037 1392 1292 1473 septemfontes,

141 1496 196 1579 qui
221 1496 340 1579 singuli
363 1494 518 1558 infinitam
543 1512 657 1576 aquam
681 1494 843 1571 emittunt,
862 1494 892 1558 in
918 1514 980 1577 quo
1004 1514 1115 1579 campo
1134 1496 1292 1562 Dominus

101 1622 123 1659 ιο
142 1604 179 1667 de
217 1602 356 1686 quinque
383 1602 526 1685 panibus
561 1605 593 1665 θῖ
626 1601 750 1666 duobus
780 1601 923 1684 piscibus
959 1602 1112 1685 populum
1150 1603 1291 1667 satiauit.

142 1708 223 1775 Sane
247 1708 339 1792 lepis,
365 1726 461 1789 super
488 1726 582 1789 quem
606 1708 762 1772 Dominus
796 1727 908 1789 panem
942 1710 1061 1792 posuit,
1094 1712 1291 1775 estfactum

141 1817 300 1893 altarium,
333 1815 370 1879 de
399 1833 461 1898 quo
490 1814 594 1897 lapide
623 1832 704 1880 nunc
737 1815 856 1879 frustra
887 1816 1007 1881 tollunt
1038 1817 1202 1882 uenientes
1234 1836 1290 1901 pro

141 1925 244 1988 saluts
269 1922 329 1986 sibi
356 1924 388 1985 ct
410 1920 540 2005 prodest
564 1922 722 1989 omnibus.
745 1922 838 1985 quta
863 1922 954 1986 cuius
978 1922 1131 1987 ecclesiae
1154 1924 1291 2005 parietes

144 2031 197 2094 uia
219 2028 347 2113 publica
371 2028 496 2105 transit,
520 2027 576 2091 ubi
594 2027 757 2093 Mattheus
782 2028 948 2111 apostolus
967 2028 1151 2094 theloneum
1170 2029 1291 2094 habuit.

104 2157 126 2197 θ
143 2136 219 2202 Inde
243 2138 274 2200 in
298 2138 450 2211 montem,
476 2134 531 2215 qui
553 2135 639 2199 iuxta
663 2138 721 2212 θεῖ,
746 2140 796 2199 θεῖ
819 2134 959 2217 specula,
983 2135 1013 2199 in
1038 2155 1101 2219 qua
1118 2136 1291 2201 ascendens

143 2242 356 2307 beatitudines
371 2240 449 2305 dixit
464 2241 619 2307 Snluator.
637 2241 708 2305 Non
723 2242 818 2326 longe
833 2246 940 2306 autern
958 2241 1031 2305 indo
1051 2246 1100 2307 θεῖ
1118 2261 1290 2327 synagoga,

145 2370 240 2432 quam
264 2348 411 2415 Saluator
433 2348 609 2423 maledixit3
635 2367 706 2411 nam
727 2367 801 2413 cum
820 2349 969 2413 transiret
988 2348 1135 2413 Saluator
1153 2352 1185 2413 et
1202 2349 1290 2413 illam

144 2456 253 2521 ludaei
280 2456 479 2533 fabricarent,
512 2455 722 2539 interrogauit
749 2475 804 2521 eos
835 2455 957 2521 dicens:
982 2454 1076 2534 ‘Quid
1099 2456 1238 2520 facitis?’
1261 2463 1293 2520 et

144 2564 205 2629 illi:
230 2562 347 2629 ‘Nihil’.
372 2562 414 2626 Dt
431 2561 603 2626 Dominus:
628 2562 720 2645 ‘Ergo
746 2563 772 2627 si
797 2562 877 2627 nihil
896 2569 954 2640 θεῖ,
975 2562 1060 2645 quod
1078 2563 1193 2638 facitis,
1213 2563 1293 2627 nibil

104 2671 204 2735 uerit
231 2670 377 2752 semper’.
419 2667 511 2749 Quod
539 2686 641 2751 usque
669 2669 763 2733 bodie
791 2670 836 2733 ita
869 2672 1041 2753 permanet.
1082 2669 1292 2734 Postmodum

145 2779 239 2853 enim,
263 2777 409 2858 quotiens
432 2775 603 2839 uoluerunt
624 2774 712 2839 illam
735 2775 846 2840 Iudaei
868 2775 1032 2855 fabricare,
1060 2775 1216 2858 quidquid
1238 2796 1294 2859 per

145 2884 226 2949 diem
251 2882 418 2957 faciebant,
442 2884 643 2964 pernoctem
668 2880 852 2946 diruebatur
881 2886 914 2947 et
941 2902 1031 2947 mane
1055 2901 1178 2966 semper
1199 2882 1230 2945 in
1256 2900 1294 2945 ea

146 3009 292 3055 mensura
313 2988 534 3053 inueniebatur
556 2988 675 3053 fabrica
694 2988 773 3065 eius,
798 2988 830 3053 in
850 3007 913 3071 qua
935 2989 1143 3067 sacratione,
1169 2988 1290 3071 quando

145 3097 313 3161 maledicta
337 3100 394 3161 est.
419 3094 494 3159 Inde
514 3098 619 3159 autern
640 3114 700 3158 non
719 3095 815 3179 longo
839 3099 915 3160 suut
936 3098 1061 3160 montes
1086 3095 1217 3172 Gelboe,
1237 3094 1291 3159 ubi

104 3226 128 3265 n
146 3210 194 3269 θεῖ
207 3208 239 3269 θῖ
252 3205 344 3269 uicus
365 3201 483 3281 Gebus,
503 3202 559 3266 ubi
578 3202 695 3267 mortui
715 3206 791 3267 sunt
806 3202 882 3267 Saul
899 3206 931 3266 et
943 3202 1104 3269 Ionatbas.
1124 3203 1160 3266 In
1174 3202 1292 3265 Iezreel

146 3317 249 3376 autem
268 3310 372 3386 uinea,
393 3328 472 3393 quae
491 3308 554 3374 fuit
571 3308 710 3388 Nabotb,
731 3328 813 3373 nunc
832 3312 949 3393 puteus
969 3312 1092 3372 tantum
1113 3311 1175 3382 est;
1197 3306 1241 3371 ibi
1262 3310 1293 3371 θῖ

145 3417 453 3483 fundamentaturris
463 3434 565 3499 usque
580 3414 674 3479 hodie
689 3420 850 3499 apparent.
861 3414 1071 3498 Sepulchrum
1085 3432 1159 3478 uero
1170 3413 1293 3478 Iezabel

148 3544 244 3608 usque
264 3523 358 3589 hodie
375 3524 413 3588 ab
434 3522 579 3588 omnibus
599 3522 767 3605 lapidatur.
792 3522 862 3586 Non
885 3522 978 3605 longe
998 3524 1105 3586 autern
1124 3540 1142 3585 a
1160 3520 1292 3584 ciuitate

147 3636 195 3694 θεῖ
204 3650 304 3707 mons,
314 3630 346 3695 in
358 3649 420 3713 quo
432 3629 515 3695 sedit
524 3626 635 3693 Helias
645 3630 809 3713 propheta,
822 3628 945 3712 quando
959 3648 1032 3693 eum
1042 3626 1292 3709 persequebatur

105 3762 129 3801 u
145 3736 275 3802 lezabel.
317 3738 344 3802 A
372 3739 466 3821 longe
496 3742 603 3801 autern
627 3740 771 3818 estpars
796 3734 913 3799 montis
939 3734 1088 3809 Canneli;
1119 3737 1168 3797 est
1189 3731 1291 3806 locus,

146 3846 199 3909 ubi
220 3845 330 3909 Helias
359 3843 505 3909 altarium
529 3841 658 3907 Domini
683 3841 891 3907 consecrauit.
931 3840 1087 3915 Sebastin,
1112 3858 1192 3922 quae
1216 3838 1291 3901 olim

148 3948 285 4015 Samaria
304 3950 388 4015 dicta
407 3954 467 4025 est,
492 3950 632 4014 continet
651 3950 831 4025 ecclesiam,
854 3948 886 4011 in
907 3968 970 4031 qua
987 3946 1160 4031 requiescit
1178 3965 1292 4028 corpus

183 4092 255 4159 iqui
270 4090 436 4145 Gomurn'ni
491 4090 566 4144 cuius
581 4092 672 4145 Ruunt
711 4092 741 4146 ll
757 4091 894 4159 sortasse:
914 4089 947 4143 de
965 4089 1057 4158 lapide
1096 4086 1244 4142 12frastra
1259 4110 1292 4129 =

147 4178 231 4233 frusta
249 4180 284 4249 cs.
304 4178 380 4233 Krit.
399 4180 475 4237 Rem.
494 4196 528 4233 cu
542 4180 637 4234 Siluio
646 4196 676 4249 p.
692 4184 723 4232 11
777 4196 832 4233 non
851 4179 951 4233 frustra
970 4178 1061 4232 Riant
1079 4184 1106 4231 et
1127 4174 1293 4231 Gcmurn'ni

147 4284 206 4321 cum
220 4268 378 4338 upoprupbo
392 4268 583 4337 Neapolitano
622 4269 654 4325 15
674 4271 803 4338 spelunca
819 4268 842 4321 C
859 4267 969 4337 specula
986 4268 1044 4335 epse
1060 4267 1163 4320 conieci
1199 4266 1231 4317 31
1253 4264 1292 4317 θῖ-

148 4365 204 4411 tare
225 4358 390 4412 Gcmurrini

174 4482 297 4523 xxxvrm
312 4482 367 4524 narn.
382 4483 496 4525 nitrosos
1240 4458 1257 4512 8
