3125 4942
248 443 291 508 VI
712 442 929 498 Praefatio.

249 635 451 701 Scherrerum
475 633 725 716 Haadsedriftca
748 635 806 698 dar
829 634 1084 715 Stiftsba‘bta'otdak
1110 658 1170 702 aaa
1193 636 1240 702 St.
1268 637 1392 718 datlen,

245 742 343 806 Haste
361 745 460 819 1875,
479 763 515 822 p.
534 747 620 819 240,
639 743 678 808 af.
699 742 796 806 etiam
815 742 934 819 Tabler,
954 743 1157 808 Palaestinae
1176 744 1394 826 decantationes

242 870 277 930 p.
302 853 344 914 55
366 869 403 927 s,
427 849 458 912 in
485 869 546 931 qua
570 869 601 932 p.
629 850 803 913 104-114
831 849 891 914 sub
920 850 1031 914 titula:
1059 851 1115 914 nn
1140 850 1394 918 VIRTVTIBVS

246 955 522 1021 HIERVSALEM
547 957 650 1021 exstat
673 975 744 1038 pars
768 955 919 1020 itinerarii
942 977 971 1039 p.
990 959 1045 1036 21,
1065 959 1185 1034 3-25,
1208 959 1258 1024 17.
1280 960 1332 1037 19,
1351 962 1393 1024 25

249 1063 364 1126 ciuitas
386 1083 449 1126 nec.
473 1062 572 1142 polim
593 1061 639 1125 dri
661 1067 707 1126 est
729 1081 814 1126 mars
837 1061 909 1148 (sie)
933 1083 1013 1144 apar
1034 1101 1078 1109 —
1101 1066 1155 1142 21,
1179 1065 1210 1131 2.

294 1169 342 1234 Ad
375 1169 487 1234 horum
519 1168 616 1233 trium
653 1168 808 1233 librarum
843 1169 938 1233 fidem
976 1189 1044 1234 cam
1082 1173 1202 1252 partem
1239 1170 1396 1234 Itinerarii

250 1274 499 1358 Burdigalensis,
515 1294 594 1356 qnae
614 1275 653 1340 ad
672 1278 787 1339 terram
807 1278 948 1340 sanctam
967 1277 1114 1359 pertinet,
1130 1276 1229 1341 edidit
1242 1277 1395 1342 Tablerus

246 1383 279 1448 in
304 1381 385 1446 libro
410 1401 505 1466 supra
529 1383 624 1446 allato
649 1381 852 1446 Palaestinae
874 1382 1095 1463 deserapta'oaas
1122 1388 1175 1447 etc.
1206 1380 1252 1448 St.
1280 1381 1394 1447 natea

249 1493 351 1565 1869,
375 1507 405 1571 p.
433 1490 517 1552 1—9
542 1507 613 1552 cum
639 1488 896 1553 adnotationibus
919 1509 949 1572 p.
974 1491 1395 1567 43-83,totum1tinora-

249 1596 332 1660 rium
352 1595 385 1659 in
404 1595 576 1658 Itineribus
594 1601 623 1659 et
642 1593 916 1675 Descriptianibas
930 1599 990 1661 etc.
1006 1596 1020 1659 Ι
1039 1616 1070 1679 p.
1088 1597 1195 1660 1-26
1215 1597 1260 1660 ita
1278 1599 1395 1673 tamem

250 1709 288 1767 ut
310 1703 413 1787 magis
440 1702 536 1767 rebus
566 1722 660 1786 quam
690 1702 795 1768 uerbis
824 1704 879 1766 aut
906 1703 1022 1767 litteris
1047 1703 1186 1766 animum
1210 1702 1394 1767 intenderet.

250 1809 376 1874 Nouam
414 1809 582 1874 editionem
621 1809 777 1873 itinerarii
810 1809 959 1875 Antonini
997 1829 1069 1874 cum
1106 1808 1394 1892 Hierosolymitano

251 1917 464 1998 promiserunt
500 1914 534 1980 O.
568 1914 668 1980 Canta
700 1919 732 1980 et
770 1914 818 1980 W.
851 1915 1051 1992 amoenae,
1086 1917 1125 1980 cf.
1158 1915 1308 1998 Baitrape
1337 1936 1397 1978 aur

254 2022 427 2086 Tantarum
459 2023 512 2086 das
540 2022 748 2086 litterariam
780 2022 946 2101 Antonini,
980 2021 1106 2086 aaran
1137 2020 1272 2086 Studien
1304 2027 1396 2087 1893

246 2151 281 2210 p,
306 2133 499 2194 aaa-aes.

298 2236 378 2302 Cum
406 2236 475 2320 ipse
498 2236 695 2300 Itinerarium
726 2236 953 2322 Burdigalense
982 2235 1084 2299 denuo
1114 2235 1208 2314 edidi,
1236 2235 1298 2299 mei
1326 2254 1396 2319 pro·

251 2343 349 2427 positi
374 2345 449 2418 erat,
474 2343 551 2425 quid
574 2362 700 2426 quoque
723 2344 793 2408 loco
817 2343 848 2406 in
873 2342 1036 2407 codicibus
1056 2342 1210 2425 scriptum
1229 2342 1281 2419 sit,
1302 2360 1396 2424 quam

253 2450 492 2514 accuratissime
524 2452 641 2514 natare.
674 2449 813 2515 Nomina
844 2451 986 2513 locomm
1019 2467 1113 2530 saepe
1146 2451 1293 2530 corrupta
1325 2467 1395 2512 con-

253 2557 383 2622 iecturis
407 2559 528 2620 tentare
552 2575 649 2620 ausus
670 2575 728 2620 nan
750 2575 837 2631 sum,
860 2558 898 2618 ut
916 2558 1031 2631 tamen
1052 2555 1128 2637 quid
1146 2553 1282 2637 scriptor
1300 2553 1397 2637 signi-

253 2664 345 2728 ficare
369 2663 516 2740 uoluerit,
540 2662 642 2746 magis
666 2661 869 2745 perspicuum
892 2662 991 2738 fieret,
1011 2681 1064 2726 eas
1083 2662 1245 2726 nominum
1269 2661 1396 2738 formas,

254 2789 333 2853 quae
359 2771 452 2834 etiam
477 2770 507 2832 tn
531 2769 693 2833 Itinerario
712 2769 864 2833 Antonini
882 2772 1060 2846 acaunum,
1079 2769 1111 2832 in
1131 2768 1397 2850 comparationem

254 2878 369 2942 uocaui
389 2877 428 2941 nd
446 2875 577 2960 paginas
598 2879 630 2940 et
648 2895 760 2940 uersus
781 2875 929 2940 editionis
948 2875 1165 2958 Wesselingii.
1188 2875 1225 2938 In
1250 2873 1397 2939 omnibus

254 2984 317 3048 fere
345 2984 439 3048 rebus
469 2983 611 3048 codicem
638 2982 663 3046 P
693 2987 823 3048 secutus
853 3001 939 3058 sum;
969 3002 1040 3046 uam
1069 2985 1106 3045 ut
1133 2981 1201 3047 cod.
1230 2980 1251 3047 S
1282 2982 1397 3046 mirum

255 3093 408 3174 quantum
432 3089 582 3153 uitiatum
608 3089 763 3168 omittam,
788 3107 825 3153 ex
844 3088 912 3152 cod.
932 3088 971 3165 V,
991 3087 1056 3171 qui,
1075 3091 1294 3170 praeterquam
1314 3086 1399 3169 quad

255 3198 381 3265 nomina
402 3200 544 3263 locorum
568 3196 670 3260 multo
695 3195 891 3278 corruptiore
909 3195 1044 3270 exhibet,
1064 3195 1159 3259 etiam
1180 3193 1398 3278 neglegentius

256 3306 393 3388 scriptus
418 3306 476 3384 est,
500 3304 534 3368 id
557 3303 641 3385 quod
665 3321 700 3367 ex
723 3303 803 3385 ipsis
826 3302 949 3366 lacunis
973 3304 1112 3384 apparet,
1138 3299 1247 3385 (etiam
1271 3301 1398 3385 signum

257 3411 345 3478 S:
370 3411 477 3488 semis,
512 3411 543 3473 iu
576 3410 644 3475 aod.
674 3410 700 3474 P
732 3412 844 3492 quater
877 3411 1037 3473 seruatum
1071 3409 1104 3472 in
1134 3407 1161 3471 V
1194 3407 1306 3490 deest),
1337 3425 1398 3471 non

256 3522 393 3584 multum
421 3517 543 3582 furatus
571 3517 691 3600 percipi
719 3535 814 3598 passe
837 3515 876 3580 ad
899 3515 1044 3579 libellum
1069 3514 1297 3579 emendandum
1322 3513 1400 3576 mihi

257 3626 409 3708 persuasi.
429 3627 533 3707 Atque
553 3623 689 3705 primum
710 3623 837 3705 quidem
853 3622 881 3683 V
900 3642 935 3686 er
955 3621 1064 3686 eodem
1084 3622 1253 3703 archetypo
1274 3619 1400 3683 descen-

257 3733 329 3797 dere
357 3732 494 3810 uidetur,
525 3750 586 3814 quo
615 3731 650 3808 Ρ,
680 3729 764 3812 quod
793 3728 928 3794 maxime
956 3732 1046 3811 patet
1074 3747 1109 3791 er
1136 3746 1167 3808 p.
1195 3728 1250 3802 31,
1280 3728 1322 3789 22
1347 3744 1400 3800 ss,

257 3839 312 3904 ubi
335 3838 567 3902 adnotationem
594 3837 733 3902 criticum
757 3836 919 3918 inspicias
944 3833 1086 3900 Eundem
1111 3852 1244 3898 errorem
1269 3837 1401 3914 uterque

258 3967 292 4011 er
317 3947 485 4029 archetypo
510 3945 684 4026 assumpsit
710 3945 760 4022 18,
787 3946 828 4007 24
851 3944 985 4006 eructatio
1008 3942 1051 4005 ad
1074 3941 1201 4005 Noua-m
1223 3939 1287 4003 aad.
1310 3938 1400 4015 IIII,

257 4055 313 4118 ubi
338 4053 445 4116 VIIII
467 4055 639 4134 exspectes.
664 4053 694 4128 6,
716 4053 757 4114 24
781 4051 813 4114 iu
836 4055 970 4132 utroque
988 4053 1063 4133 post
1080 4046 1308 4122 Mediolanum,
1328 4065 1401 4109 cnm

258 4163 301 4226 sit
328 4161 399 4224 finis
426 4158 558 4230 itineris
587 4159 668 4222 male
695 4157 818 4220 castrensia
845 4155 966 4218 Ficaria
997 4153 1131 4234 Frtpim
1158 4152 1221 4216 erait.
1249 4150 1327 4215 XII
1350 4150 1401 4215 ad-

260 4269 354 4332 ditur.
374 4266 493 4330 dudem
517 4263 630 4328 menda
654 4263 858 4327 inueniuntur
874 4263 905 4326 in
925 4262 1067 4339 milibus
1086 4259 1314 4334 mansionibus,
1334 4277 1402 4322 rnu-

258 4373 432 4439 tationibus
468 4369 666 4456 colligendis.
704 4369 775 4434 Non
806 4387 875 4434 raro
904 4369 949 4448 fit,
976 4371 1013 4433 ut
1041 4368 1071 4432 in
1101 4366 1208 4433 codice
1237 4365 1265 4430 V
1293 4365 1401 4430 eadem
