3125 4942
627 482 852 539 Eucherius
1242 488 1303 552 127

157 698 310 763 aquarum
339 678 551 745 ostenduntur
577 680 608 743 iu
637 698 674 744 ea
705 684 794 762 parte
824 678 976 757 ciuitatis,
1009 698 1088 762 quae
1117 678 1155 744 ad
1185 682 1307 762 septen·

155 786 291 851 trionem
312 786 463 852 tenditur.

200 893 314 958 Vicina
345 893 465 978 templo
493 892 667 958 Bethsaida
697 893 821 975 piscine
853 893 978 977 gemino
1012 897 1142 977 apparet
1172 892 1306 979 insignis

155 1001 239 1076 lacn,
259 1019 392 1083 qnorum
412 1000 492 1065 alter
509 1000 648 1065 hibernis
667 1000 854 1083 plemmque
874 1000 1025 1082 impletur
1042 999 1209 1078 imbribus,
1228 1000 1308 1065 alter

126 1106 261 1172 ambria
285 1110 334 1172 est
357 1106 495 1172 discolor
517 1106 619 1189 aquis.

199 1213 249 1278 Ab
278 1233 315 1277 ca
340 1212 444 1278 fronte
471 1212 589 1278 montis
613 1211 699 1289 Sion,
729 1231 809 1294 quae
828 1216 998 1297 praerupta
1020 1232 1098 1295 rupa
1122 1212 1307 1279 orientalem

156 1320 284 1404 plagam
307 1322 441 1403 spectat,
463 1320 546 1383 intra
568 1337 677 1384 muros
701 1322 797 1402 atque
821 1319 999 1385 adradices
1020 1320 1200 1386 collisione
1221 1318 1308 1384 Siloa

155 1426 344 1509 prorumpit,
374 1425 429 1508 qui
451 1426 626 1491 alternante
649 1445 803 1507 aquarum
827 1444 959 1491 accessu
981 1427 1013 1491 in
1037 1426 1202 1491 meridiem
1225 1422 1306 1491 fluit.

155 1535 248 1598 quta
270 1550 395 1597 murum
418 1531 621 1597 Hierusalem
648 1533 702 1596 uel
729 1531 842 1615 templi
870 1532 908 1597 ab
937 1533 1056 1599 oriente
1081 1531 1229 1598 Geennon
1259 1550 1307 1596 oo-

115 1662 140 1701 ιο
157 1640 265 1717 currit,
290 1658 370 1722 quae
389 1638 484 1704 uallis
503 1639 655 1723 iosaphat
672 1644 815 1717 uocatur,
836 1658 854 1703 a
873 1640 1085 1723 septentrione
1108 1640 1139 1704 in
1165 1642 1309 1704 austrum

156 1750 309 1829 porrecta,
328 1766 385 1829 per
409 1766 504 1828 quam
523 1744 645 1812 Gedron
664 1750 798 1825 torrens,
819 1746 847 1811 si
866 1746 989 1829 quando
1007 1746 1189 1830 pluuiarum
1211 1764 1308 1828 aquas

154 1853 278 1937 recipit,
302 1854 451 1919 decurrit.

201 1959 414 2025 circumiecta
431 1958 733 2025 Hierusolimitanae
751 1960 840 2025 urbis
860 1978 971 2041 aspera
994 1978 1029 2024 ac
1054 1961 1221 2025 montuosa
1245 1977 1309 2023 cer·-

157 2070 284 2144 nnntur,
324 2086 404 2151 quae
437 2067 533 2132 etiam
569 2070 711 2132 montem
742 2065 863 2132 Oliueti
894 2067 982 2133 mille
1015 2086 1033 2131 a
1065 2086 1100 2131 se
1132 2066 1305 2131 discretum

117 2195 141 2233 a
157 2174 306 2255 passibus
334 2175 366 2238 in
396 2174 546 2239 orientem
575 2176 767 2257 prospectat.
810 2172 899 2238 Duae
927 2174 959 2238 iu
988 2191 1025 2237 eo
1049 2171 1201 2238 ecclesiae
1226 2172 1305 2236 cele·

156 2281 312 2345 berrimae
339 2280 504 2354 habentur,
533 2300 596 2346 una
622 2281 655 2345 in
684 2299 720 2346 eo
748 2280 881 2345 fundata
902 2281 984 2359 loc0,
1008 2280 1041 2345 in
1064 2298 1126 2363 quo
1150 2278 1305 2343 Dominus

158 2386 197 2451 ad
216 2387 391 2471 discipulos
415 2386 566 2452 habuisse
590 2406 778 2467 sermonem,
803 2388 865 2453 alia
886 2387 918 2451 in
942 2387 997 2452 illo
1020 2387 1102 2465 loco,
1125 2386 1164 2450 de
1188 2384 1305 2467 quoin

158 2493 282 2556 caelum
305 2492 484 2558 ascendisse
504 2492 650 2562 traditur.

203 2596 265 2663 Ser
290 2597 422 2663 milibus
451 2599 490 2662 ab
516 2596 735 2664 Hierusolima
760 2598 908 2663 Bethlem
940 2598 971 2664 in
1004 2596 1176 2663 meridiano
1206 2596 1306 2661 latero

117 2728 142 2767 so
159 2704 290 2783 secedit,
323 2723 402 2788 quae
434 2703 549 2769 humili
580 2725 671 2771 muro
704 2707 736 2770 et
763 2704 883 2789 absque
910 2705 1051 2770 turribus
1079 2702 1306 2788 angustissimo

160 2811 261 2893 spatio
290 2809 514 2888 circumdatur,
546 2811 603 2875 nbi
618 2803 785 2894 ¹praesepe
808 2812 937 2877 Domini
965 2814 1147 2877 exornatum
1178 2810 1308 2893 insuper

159 2920 288 3003 argento
312 2924 407 3000 atque
431 2936 507 2983 auro
529 2918 666 3002 fulgenti
689 2918 769 2983 cella
793 2918 940 2983 ambitur.

196 3207 209 3259 l
231 3206 359 3259 ciuitates
378 3222 430 3277 que
448 3204 476 3259 P
524 3206 541 3259 2
560 3204 714 3258 ostenditur
731 3202 762 3257 Ε
832 3205 859 3257 in
879 3182 980 3257 iricinia
998 3204 1094 3273 templi
1113 3182 1268 3258 intenditur
1285 3204 1311 3257 V

161 3294 292 3364 3templi
309 3293 338 3347 P
402 3292 529 3348 betsaida
546 3294 574 3347 P
589 3292 729 3347 Bethesda
751 3293 850 3347 Toblcr
867 3293 972 3363 piscina
990 3292 1090 3347 om.V
1151 3293 1259 3363 apparit
1276 3296 1308 3345 ut

161 3382 246 3451 signis
264 3382 292 3436 P
370 3384 497 3437 dcerum
516 3382 546 3436 Ε
615 3382 724 3435 5rnbri
744 3384 773 3435 et
791 3382 869 3451 aquis
889 3380 998 3435 decolor
1015 3380 1047 3434 E
1125 3383 1241 3451 6rnpta
1253 3376 1309 3434 ΕΡ

162 3472 175 3521 l
196 3473 336 3541 exspectat
353 3470 407 3525 PV
504 3470 577 3525 inira
600 3470 627 3525 V
732 3470 821 3541 adque
841 3470 875 3524 ad
894 3469 997 3523 radices
1015 3470 1047 3524 E
1063 3472 1143 3539 atque
1163 3470 1191 3522 in
1210 3468 1307 3522 radici·

160 3558 210 3613 bus
229 3558 258 3612 P
274 3563 356 3629 atque
374 3559 511 3665 repicibna
534 3560 560 3613 V
611 3559 722 3614 siluaP
761 3558 1005 3614 SaltemantiaE
1043 3558 1164 3612 limares
1217 3557 1308 3611 iheru-

161 3674 245 3728 salem
264 3675 295 3729 Ε
364 3683 469 3745 geehon
487 3676 518 3729 Ε
587 3692 656 3745 quae
675 3674 775 3729 om.V
826 3676 860 3730 10
877 3674 960 3729 nullis
974 3674 1002 3728 P
1054 3675 1167 3729 uocatur
1184 3690 1235 3728 cm.
1254 3672 1309 3727 PV

163 3763 369 3833 septentrionali
388 3763 419 3818 Ε
512 3767 619 3818 anatum
642 3763 669 3816 V
762 3766 915 3833 porrectum
933 3764 963 3817 Ε
1035 3764 1065 3816 11
1087 3761 1192 3816 Cedrou
1211 3762 1309 3815 cm.V

161 3855 268 3906 turrena
286 3852 315 3905 P
365 3852 520 3923 plubiarnm
538 3852 570 3906 Ε
620 3853 724 3922 recepit
742 3852 770 3905 P
806 3853 838 3906 13
853 3852 1085 3905 hierosolimitane
1105 3848 1164 3903 urbi
1182 3849 1213 3903 Ε
1264 3849 1306 3917 ac]

163 3943 264 3996 etPV
319 3944 353 3997 14
370 3942 466 3997 olibeti
486 3943 517 3996 E
533 3944 624 3996 cliniti
642 3943 670 3995 P
732 3943 765 3996 15
785 3941 837 3995 dne
855 3942 885 3996 Ε
955 3940 1150 4013 aeeclesiacV
1221 3938 1307 3992 caele·

162 4030 276 4085 berrime
294 4032 322 4085 P
394 4032 427 4085 16
446 4031 562 4085 abentur
579 4032 610 4085 Ε
679 4030 774 4085 eodem
793 4030 851 4084 PV
921 4030 992 4099 quod
1011 4028 1039 4083 P
1109 4029 1141 4082 ll
1162 4025 1308 4097 discipulos

163 4137 226 4174 snos
244 4120 299 4174 PV
369 4119 497 4174 habuisse
517 4120 616 4174 dicitur
633 4119 688 4172 PV
769 4119 822 4173 alio
841 4119 872 4173 Ε
888 4119 974 4173 altera
993 4118 1049 4171 ΡΥ
1118 4116 1165 4169 illo
1184 4132 1235 4171 om.
1254 4114 1313 4168 PV

162 4209 223 4262 loco
241 4225 292 4263 om.
310 4210 342 4264 Ε
410 4210 439 4263 iu
458 4208 574 4279 caelum]
595 4210 698 4262 caelum
717 4207 773 4262 ΡΥ
789 4208 818 4261 iu
838 4208 895 4261 celo
914 4206 944 4261 Ε
1033 4206 1065 4260 19
1083 4204 1263 4274 hierosolyma
1281 4204 1311 4259 Ε

163 4298 299 4352 bethleem
319 4297 353 4352 ab
372 4297 548 4352 hierusolima
565 4297 593 4350 P
608 4295 744 4350 bethleem
764 4296 799 4351 ab
818 4296 1019 4351 hierosolimam
1043 4295 1069 4348 V
1133 4295 1167 4349 20
1186 4294 1262 4349 nmili
1280 4294 1311 4348 Ε

164 4389 197 4441 21
218 4390 308 4457 spacio
328 4387 355 4439 P
426 4386 534 4457 precepi
551 4386 579 4439 P
651 4390 778 4440 exomatn
797 4386 825 4439 P
843 4384 1017 4439 exomatoV
1069 4384 1103 4437 22
1123 4382 1210 4452 adque
1228 4383 1258 4437 Ε
