3125 4942
259 431 300 493 38
551 426 705 480 Itinera
733 425 1112 495 Hierosolymitana

257 620 294 684 in
309 621 399 685 ouius
420 620 521 703 capite
540 620 595 685 ille
613 620 703 685 locus
720 621 779 697 est,
799 619 856 683 ubi
874 624 1004 685 sauctus
1023 620 1152 705 Moyses
1171 628 1408 705 compesceret

256 745 372 810 pecora
404 727 505 792 soceri
538 728 598 805 sui,
631 728 746 791 iterum
778 726 907 790 locutus
936 730 987 791 est
1014 728 1044 791 ei
1071 728 1159 793 Deus
1192 728 1230 793 de
1261 731 1341 795 mbo
1375 730 1405 793 in

214 834 233 895 3
257 833 341 917 igne.
382 834 423 897 Et
447 833 714 916 quoniam-nobis
742 833 788 897 ita
811 836 878 898 arnt
903 833 974 912 iter,
1003 837 1040 899 ut
1066 835 1156 918 prius
1183 839 1324 901 montem
1347 838 1406 902 Dei

258 941 511 1017 ascenderemus,
532 941 585 1024 qui
604 941 678 1007 hinc
696 944 797 1025 paret,
819 941 940 1024 <quia>
956 942 1040 1007 unde
1058 943 1275 1023 ueniebamus,
1295 945 1407 1011 melior

257 1066 408 1113 ascensus
436 1051 511 1127 erat,
542 1052 574 1113 et
601 1048 689 1113 illino
723 1047 824 1113 denuo
854 1048 894 1112 ad
920 1048 1001 1113 illud
1029 1052 1125 1133 caput
1156 1050 1251 1115 uallis
1280 1050 1407 1116 descen·
1439 1074 1452 1112 a

257 1155 414 1232 daremus,
438 1154 541 1219 idest
563 1155 620 1221 ubi
637 1155 737 1220 rubus
757 1158 835 1233 erat,
860 1154 934 1238 qnia
956 1156 1069 1221 melior
1092 1156 1265 1222 descensus
1289 1158 1406 1223 mont-is

256 1261 316 1325 Dei
349 1264 415 1325 erat
446 1260 534 1326 iude:
567 1260 675 1345 itaque
708 1280 782 1346 ergo
814 1262 875 1327 hoo
908 1262 1039 1346 placuit,
1077 1268 1114 1327 ut
1146 1264 1225 1329 uisis
1259 1265 1406 1329 omnibns

256 1384 336 1449 quac
356 1366 623 1445 desiderabamus,
648 1367 875 1433 descendentes
895 1387 913 1431 n
930 1372 1038 1434 monte
1056 1368 1127 1450 Dei,
1146 1370 1201 1434 ubi
1225 1374 1275 1435 est
1296 1372 1406 1447 rubrae,

256 1474 449 1552 ueniremus,
469 1473 590 1539 atinde
611 1476 716 1538 totum
740 1492 797 1555 ρετ
813 1473 951 1539 mediam
969 1474 1087 1540 uallem
1109 1475 1224 1557 ipsam,
1243 1495 1306 1558 qua
1323 1477 1407 1542 iacet

256 1580 287 1643 in
319 1581 426 1665 longo,
459 1580 634 1645 rediremus
668 1580 708 1645 ad
740 1580 801 1646 iter
828 1600 901 1645 cum
924 1581 1106 1646 bominibus
1129 1581 1199 1660 Dei,
1228 1584 1283 1666 qui
1314 1584 1407 1650 nobis
1428 1608 1455 1645 ιο

257 1685 382 1770 singula
400 1688 480 1765 loca,
500 1707 580 1769 quae
604 1688 722 1770 scripta
747 1690 832 1764 sunt,
855 1707 911 1770 ρετ
928 1688 1031 1771 ipsam
1050 1688 1168 1753 uallem
1188 1689 1407 1766 ostendebant,

212 1792 232 1854 4
257 1794 342 1859 sicut
370 1797 402 1858 et
429 1794 549 1859 laetum
579 1798 636 1860 est.
681 1794 781 1860 Nobis
811 1814 885 1879 ergo
914 1795 1064 1860 euntibus
1098 1795 1136 1860 ab
1166 1814 1202 1860 eo
1235 1796 1317 1873 loco,
1350 1798 1406 1862 ubi

256 1901 421 1965 uenientes
446 1920 463 1964 a
486 1901 586 1966 Far-nn
616 1902 792 1967 feceramus
817 1903 1001 1981 orationem,
1029 1904 1090 1967 iter
1117 1903 1164 1968 sic
1191 1904 1264 1979 fuit,
1293 1910 1330 1970 ut
1352 1924 1408 1989 ρετ

256 2008 398 2072 medium
415 2011 706 2076 transuersasemus
726 2015 823 2094 caput
840 2011 943 2094 ipsius
961 2012 1067 2089 uallis,
1088 2014 1120 2076 et
1138 2010 1185 2075 sio
1208 2012 1406 2094 pleon-omos

199 2112 233 2201 '5
258 2132 316 2179 nos
341 2114 380 2179 ad
403 2119 541 2180 montem
567 2116 636 2182 Dei.
662 2118 754 2182 Mons
779 2121 886 2182 autem
909 2118 978 2199 ipse
1000 2137 1058 2201 per
1079 2118 1147 2203 giro
1172 2118 1299 2200 quidem
1323 2139 1406 2183 unus
1428 2146 1454 2180 ιε,

259 2240 328 2285 esse
357 2222 499 2299 uidetur;
529 2222 616 2287 intus
646 2228 752 2289 autem
777 2223 861 2306 quod
885 2224 1072 2308 ingrederis,
1100 2226 1207 2307 plures
1237 2230 1321 2302 sunt,
1350 2226 1406 2291 sed

257 2330 361 2392 totum
393 2347 485 2393 mons
513 2329 572 2393 Dei
607 2330 797 2413 appellatum
833 2329 980 2412 specialis
1013 2334 1119 2393 arrtem
1150 2330 1217 2407 ille,
1249 2331 1280 2395 in
1313 2333 1405 2397 cuius

258 2434 443 2499 summitate
471 2439 520 2499 est
553 2436 605 2500 hic
632 2436 733 2515 locris,
766 2437 822 2501 nbi
851 2436 1014 2501 descendit
1039 2437 1190 2502 maiestas
1219 2438 1288 2517 Dei,
1322 2439 1407 2504 siout

125 2532 191 2623 [32]
214 2539 232 2602 6
258 2542 411 2624 scriptum
449 2546 508 2619 est,
541 2542 571 2607 in
605 2543 709 2607 medio
742 2544 871 2608 illorum
892 2543 896 2628 1
918 2544 1058 2608 omnium
1091 2547 1149 2609 est.
1187 2544 1229 2607 Et
1260 2564 1334 2610 oum
1373 2548 1406 2611 hi

258 2666 378 2725 omnes,
406 2648 462 2731 qui
496 2668 553 2731 ρετ
589 2649 693 2733 girum
731 2654 816 2726 sunt,
844 2654 909 2714 tam
943 2650 1058 2715 excelsi
1086 2651 1159 2723 sint,
1196 2669 1291 2733 quam
1327 2672 1406 2717 nun-
1427 2676 1455 2713 so

258 2772 351 2835 quam
385 2774 435 2819 me
468 2761 546 2837 puto
578 2755 709 2829 uidisse,
742 2759 848 2820 tamen
881 2756 951 2839 ipse
982 2756 1037 2821 ille
1069 2757 1244 2835 medianus,
1273 2758 1304 2822 in
1344 2778 1407 2839 quo

258 2860 422 2925 descendit
444 2863 594 2927 maiestas
614 2863 684 2939 Dei,
708 2865 796 2927 tanto
821 2862 915 2927 altior
938 2868 987 2926 est
1011 2861 1157 2927 omuibus
1177 2863 1253 2940 illis,
1273 2868 1309 2928 ut
1332 2884 1407 2929 cum

259 2968 456 3033 subissemus
488 2968 519 3032 in
552 2968 620 3045 illo,
653 2988 783 3051 prorsus
817 2969 878 3034 toti
910 2968 958 3032 illi
990 2972 1125 3047 montes,
1155 2989 1235 3052 quos
1263 2972 1407 3036 excelsos

258 3075 450 3153 sideramus
487 3076 532 3141 ita
563 3075 642 3139 inira
673 3095 730 3140 nos
766 3078 882 3151 esseut,
921 3093 956 3139 nc
994 3076 1022 3139 si
1055 3076 1195 3141 colliculi
1231 3077 1406 3160 permodici

215 3179 232 3242 7
258 3184 373 3247 essent.
398 3181 482 3246 illud
505 3201 579 3246 sone
604 3182 682 3246 satis
706 3182 891 3246 admirabile
911 3185 961 3246 est
983 3184 1015 3245 et
1039 3182 1106 3245 sine
1126 3182 1184 3246 Dei
1203 3184 1306 3267 grstia
1327 3188 1407 3268 put-o
1428 3214 1456 3253 es

257 3288 338 3352 illud
361 3308 422 3353 nou
446 3306 526 3366 esse,
555 3294 592 3353 ut
616 3308 688 3353 oum
712 3288 859 3353 omnibus
884 3288 977 3353 altior
1005 3288 1048 3353 sit
1074 3288 1129 3353 ille
1151 3290 1327 3367 medianus,
1351 3292 1407 3373 qui

259 3395 404 3479 specialis
421 3394 504 3478 Syna
518 3395 644 3474 dicitur,
663 3395 696 3460 id
716 3398 767 3459 est
783 3394 815 3458 in
836 3414 897 3477 quo
917 3394 1082 3459 descendit
1100 3396 1250 3461 maiestas
1266 3396 1407 3463 Domini.

258 3507 363 3567 tamen
398 3502 497 3567 uideri
534 3523 595 3568 non
632 3503 745 3586 possit,
783 3502 845 3567 nisi
877 3502 918 3566 ad
953 3503 1113 3586 propriam
1144 3502 1284 3567 radicem
1316 3504 1407 3569 illius

257 3610 393 3690 oenone,
431 3614 502 3674 ante
538 3614 642 3675 tamen
677 3629 771 3692 quom
810 3629 883 3673 eum
920 3610 1050 3685 subeas;
1087 3630 1159 3673 nam
1198 3614 1408 3694 posteaquam

259 3716 416 3797 completo
437 3714 592 3780 desiderio
617 3715 816 3780 descenderis
840 3714 924 3791 inde,
949 3718 981 3779 et
999 3714 1037 3779 de
1057 3719 1164 3779 contra
1186 3715 1278 3779 illum
1302 3716 1408 3797 uides
1429 3746 1456 3783 eo

260 3821 354 3903 quod,
379 3824 546 3904 antequam
576 3822 702 3899 subeas,
726 3821 829 3886 facere
852 3840 914 3885 non
943 3825 1043 3905 potes,
1080 3821 1149 3885 Hoc
1174 3824 1290 3900 autem,
1320 3826 1408 3887 ante-

350 4032 362 4084 l
384 4030 417 4083 el.
438 4030 520 4086 Exod.
539 4031 565 4093 3,
587 4032 600 4084 1
657 4031 690 4083 22
711 4030 744 4084 cf.
764 4028 848 4084 Exod.
869 4030 911 4088 19,
932 4030 973 4084 18.
994 4031 1028 4084 20

293 4157 310 4209 4
329 4156 394 4225 quia
411 4156 475 4210 hino
493 4161 570 4227 parte
592 4155 768 4211 Cleolodnc'olc
822 4155 886 4224 qnia
899 4154 958 4223 ipse
976 4155 1077 4209 addidi
1091 4158 1217 4227 quoniam
1231 4164 1296 4212 anie
1309 4158 1408 4212 melior·

258 4246 431 4311 transposuit
440 4244 572 4297 Beosaosd
618 4242 876 4297 betorinBeraord
929 4242 1291 4315 illucAillincipeeacrapoe‘
1335 4248 1408 4303 910-

258 4334 327 4401 tum]
343 4337 404 4385 tuto
419 4333 487 4387 sicot
523 4334 557 4387 20
567 4336 630 4387 sunt
640 4334 667 4386 A
679 4334 737 4401 ipae
750 4332 850 4401 scripsi
863 4332 918 4385 sint
954 4332 987 4386 31
1002 4335 1093 4402 potest
1107 4336 1134 4387 A
1149 4341 1227 4405 potes
1240 4336 1409 4392 Gamam'ni
