3125 4942
270 452 312 515 96
568 448 725 501 Itinera
752 447 1125 517 Hierosolymitana

269 647 306 709 ut
329 646 396 709 toto
422 663 512 721 anno,
536 643 569 707 id
593 646 643 708 est
661 646 743 715 (ut)
764 662 891 726 semper
913 644 952 707 de
975 643 1063 726 pullo
1087 643 1187 726 primo
1208 641 1248 706 ad
1265 642 1421 706 Anastasc

240 748 431 834 2uigiletur.
472 748 555 815 Nam
584 750 612 815 si
636 749 793 815 dominica
818 750 885 815 dies
909 754 968 827 est,
997 749 1136 832 primum
1162 750 1248 834 leget
1272 748 1310 812 de
1333 748 1421 831 pullo

268 857 370 939 primo
385 856 555 939 episcopus
572 856 772 939 euangelium
788 857 876 921 iuxta
890 856 1150 922 consuetudinem
1169 857 1252 921 intro
1266 856 1423 919 Anastase

267 964 374 1028 locum
397 964 638 1029 resurrectionis
658 962 798 1042 Domini,
822 964 877 1046 qui
900 982 1026 1045 semper
1043 963 1202 1027 dominica
1220 962 1271 1027 die
1292 962 1421 1044 legitur,

269 1074 302 1133 et
324 1069 529 1152 postmodum
551 1070 639 1151 ymni
663 1088 720 1135 seu
745 1069 936 1152 antiphonae
959 1086 1061 1152 usque
1085 1070 1125 1133 ad
1147 1070 1254 1134 lucem
1271 1068 1423 1133 dicuntur
1450 1090 1463 1130 ⁵

269 1175 299 1239 in
327 1176 497 1251 Anastase;
528 1176 556 1241 si
586 1179 692 1241 aulem
722 1175 882 1241 dominica
909 1177 976 1242 dies
1004 1196 1065 1242 non
1095 1180 1153 1254 est,
1181 1178 1307 1240 tantum
1337 1174 1421 1258 quod

266 1282 353 1365 ymni
376 1282 430 1347 uel
453 1283 641 1364 antiphonae
664 1283 814 1348 similiter
833 1282 871 1348 de
893 1285 982 1367 pullo
1005 1284 1107 1367 primo
1130 1282 1292 1366 usquead
1314 1282 1420 1347 lucem

238 1391 416 1455 3diountur
445 1390 476 1455 in
510 1393 676 1455 Anastase.
720 1390 927 1472 Aputactitae
959 1410 1068 1455 omnes
1101 1390 1229 1466 uadeut
1258 1388 1297 1453 de
1328 1389 1420 1471 plebe

144 1491 211 1583 [72]
269 1503 374 1561 autem
404 1498 458 1579 qui
487 1497 645 1579 quomodo
677 1501 816 1580 possunt
847 1497 975 1573 uadunt,
1009 1497 1117 1562 clerici
1150 1499 1259 1561 autem
1278 1495 1283 1577 Ι
1304 1495 1420 1559 cotidie

268 1603 392 1667 uicibus
412 1603 543 1677 uadeut;
569 1604 676 1669 clerici
696 1608 804 1669 autem
823 1604 861 1668 de
880 1605 969 1687 pullo
987 1605 1100 1687 primo,
1125 1604 1294 1686 episcopus
1314 1605 1420 1666 autern
1440 1621 1461 1660 n

268 1710 448 1774 albescente
467 1710 564 1775 uadet
583 1730 717 1793 semper,
741 1713 778 1775 ut
796 1710 898 1775 missa
914 1711 972 1775 fiat
988 1710 1156 1786 matutina,
1181 1728 1253 1773 cum
1273 1707 1420 1773 omnibus

268 1814 392 1881 clericis
416 1820 545 1899 excepta
569 1816 726 1881 dominica
750 1817 812 1895 die,
836 1818 910 1899 quia
933 1835 1063 1881 necesse
1087 1820 1137 1881 est
1158 1816 1251 1881 illum
1271 1814 1309 1878 de
1331 1813 1419 1896 pullo

267 1923 368 2006 primo
392 1922 447 2001 ire,
471 1926 509 1987 ut
532 1923 731 2008 euangelium
755 1924 844 2007 legat
865 1924 896 1987 in
920 1924 1086 1988 Anastase.
1110 1922 1223 1987 Denuo
1247 1921 1287 1986 ad
1310 1920 1419 1984 horam

268 2032 387 2093 sertam
403 2033 549 2113 aguntur,
564 2048 644 2113 quae
659 2019 938 2095 consuetudinaria
952 2034 1036 2107 sunt,
1049 2030 1080 2093 in
1096 2030 1260 2105 Acestam,
1271 2026 1420 2091 similiter

268 2140 300 2199 et
332 2135 372 2199 ad
402 2155 494 2214 nona,
528 2136 674 2201 similiter
706 2140 739 2201 et
771 2136 811 2201 ad
842 2137 1003 2201 lueemare
1030 2136 1118 2201 iuxta
1144 2133 1415 2210 consuetudinem,
1434 2154 1456 2193 n
1545 2193 1546 2234 ἱ

269 2261 331 2325 qua
359 2243 527 2307 consueuit
553 2246 621 2308 toto
651 2262 730 2309 anuo
759 2243 838 2308 fieri.
881 2241 1000 2322 Quarta
1028 2246 1136 2307 autem
1164 2246 1198 2307 et
1223 2244 1313 2307 sexta
1338 2239 1415 2304 feria

268 2368 391 2432 semper
413 2368 494 2414 nona
516 2350 548 2414 iu
573 2349 655 2433 Syou
679 2349 716 2414 fit
738 2350 827 2414 iuria
850 2350 1121 2415 consuetudinem.

213 2452 257 2519 45
312 2456 353 2520 Et
379 2456 459 2521 illud
487 2458 583 2521 etiam
608 2457 743 2523 scrihere
767 2456 873 2535 debui,
903 2456 1171 2540 quemadmodum
1193 2454 1347 2520 docentur
1371 2453 1413 2527 hi,

268 2562 322 2645 qui
345 2562 561 2646 baptidiautur
582 2583 638 2646 per
659 2563 789 2646 pascha.
816 2564 898 2627 Nam
923 2563 979 2645 qui
1000 2563 1056 2627 dat
1077 2582 1192 2627 nomen
1214 2580 1321 2639 suurn,
1345 2564 1414 2624 ante

267 2668 350 2733 diem
374 2669 686 2752 quadragesimarum
710 2670 765 2734 dat
799 2673 832 2734 et
859 2670 1000 2734 omnium
1024 2668 1152 2734 nomina
1174 2670 1305 2733 annotat
1331 2684 1413 2749 pres·
1430 2690 1455 2728 ro
1546 2685 1547 2744 y

266 2775 368 2857 bpter,
400 2776 460 2841 hoc
488 2780 538 2839 cst
565 2779 637 2840 ante
669 2776 742 2841 illas
775 2780 847 2842 octo
879 2777 1085 2859 septimanas,
1119 2775 1235 2858 quihus
1267 2773 1332 2839 diri
1363 2772 1414 2835 hic

236 2882 386 2945 2attendi
402 2881 670 2966 quadragesimas.
695 2882 776 2948 Cum
791 2887 899 2947 autem
918 2883 1116 2947 aunotsuen't
1130 2882 1271 2947 omnium
1289 2879 1416 2945 nomina

266 2989 441 3072 presbyter,
470 2988 673 3072 postmodum
701 2990 764 3053 alia
792 2990 843 3054 die
870 2989 909 3053 de
937 2988 1197 3073 quadragesimis,
1224 2988 1258 3052 id
1281 2990 1331 3053 cst
1352 3004 1414 3069 qua

265 3093 454 3160 inchoantur
480 3099 551 3160 octo
581 3095 783 3172 ebdomadae,
812 3096 941 3178 ponitur
967 3096 1116 3180 episcopo
1140 3095 1290 3160 cathedra
1312 3092 1415 3158 media

266 3201 401 3265 ecclesia
428 3202 556 3279 maiore,
587 3202 619 3267 id
653 3206 703 3267 est
735 3203 773 3266 ad
801 3202 999 3284 Martyrium,
1032 3202 1142 3267 sedent
1173 3202 1246 3265 hinc
1279 3204 1312 3265 et
1341 3201 1455 3266 indere

266 3308 440 3390 presbyteri
466 3308 499 3371 in
528 3308 686 3373 cathedris
720 3313 752 3373 et
780 3312 866 3374 stant
893 3309 1000 3374 clerici
1028 3328 1151 3383 omnes;
1187 3313 1220 3372 et
1247 3308 1293 3373 sic
1317 3307 1413 3372 addu-

266 3418 381 3479 cuntur
411 3434 493 3479 uuus
527 3419 559 3479 et
591 3435 672 3479 unus
701 3422 886 3497 conpetens;
920 3416 949 3481 si
975 3416 1038 3480 uiri
1064 3418 1141 3480 sunt
1167 3435 1240 3480 cum
1268 3415 1412 3498 patribus

235 3521 333 3585 3suis
361 3521 505 3598 ueniunt,
539 3522 567 3586 si
595 3525 702 3586 autem
729 3521 865 3587 feminae
893 3540 967 3586 cum
994 3522 1150 3587 matribus
1178 3522 1257 3587 suis.
1298 3518 1412 3585 static

266 3628 468 3711 singulariter
500 3628 674 3712 interrogat
706 3628 875 3712 episcopus
912 3629 1035 3694 uicinos
1068 3630 1147 3707 eius,
1184 3628 1238 3711 qui
1268 3626 1410 3700 intrauit,

265 3733 387 3798 dicens:
405 3732 439 3800 Si
454 3735 554 3800 honae
569 3735 655 3800 uitae
676 3739 725 3800 est
744 3736 806 3813 hie,
827 3736 855 3800 si
872 3736 1056 3819 parentibus
1072 3736 1200 3813 deleret,
1221 3735 1249 3799 si
1268 3735 1411 3800 ebriacus
1428 3760 1453 3798 so

302 3994 315 4048 1
336 3997 368 4047 ut
387 4001 452 4049 aule
470 4013 575 4067 semper
592 3998 651 4066 ipse
670 3995 771 4051 addidi
878 3999 895 4052 5
917 3996 1063 4067 postmodo
1082 3998 1109 4050 A
1217 3996 1366 4064 antiphone
1384 3996 1411 4049 A

264 4084 281 4138 8
301 4088 367 4154 aput
387 4084 390 4153 l
412 4086 511 4139 accitae
527 4086 562 4139 ia
579 4087 660 4141 initio
679 4102 772 4140 nouae
791 4086 881 4139 lineae
899 4090 927 4140 A
1036 4087 1070 4141 10
1095 4086 1185 4139 clerici
1209 4090 1301 4139 autem
1320 4084 1411 4139 clerici

265 4177 355 4227 sutem
376 4174 463 4228 allero
483 4174 569 4228 deleto
587 4178 615 4228 A
689 4176 722 4228 la
741 4176 816 4245 quia]
837 4192 891 4245 qua
911 4175 1086 4229 Gholodm'ulc
1159 4175 1192 4229 16
1212 4190 1293 4244 quum
1311 4174 1410 4243 Aqua

264 4263 365 4330 scripsi
382 4280 443 4316 cum
465 4262 639 4317 Cholodm'ah
713 4264 745 4317 17
766 4264 802 4316 ad
818 4280 917 4317 nonam
939 4263 1114 4319 Oholodnr'ch
1190 4263 1223 4317 21
1244 4263 1409 4333 septimanas

264 4354 334 4414 octo,
353 4350 401 4404 scd
418 4350 515 4405 ordine
532 4352 650 4420 scirpulos
669 4351 818 4421 adscn'plis
834 4358 941 4406 mutato
960 4353 987 4405 A
