3125 4942
267 444 331 506 200
565 438 722 492 Itinera
748 436 1120 507 Hierosolymitana

267 636 382 701 subtus
402 636 540 703 Sodoma
558 639 590 701 et
609 636 773 714 Gomorra,
794 634 833 699 ad
852 633 944 698 euius
964 633 1042 699 litus
1061 632 1203 701 bitumen
1227 639 1259 701 et
1282 634 1415 717 sulphur

266 744 439 828 colligitur.
480 743 515 807 ln
547 762 610 827 quo
643 762 728 808 mare
759 760 869 807 menso
896 740 979 806 Iulio
1008 743 1041 804 et
1067 739 1214 825 Augusto
1248 746 1281 809 et
1312 762 1414 826 usquo

265 850 369 915 medio
390 849 587 934 Septembrio
610 852 680 916 tote
703 850 754 915 die
775 849 882 913 iaoont
903 846 1031 930 leprosi,
1051 846 1091 912 ad
1113 867 1283 931 uesperum
1307 852 1414 915 autem

264 957 412 1022 leuentur
434 957 466 1022 in
488 958 575 1039 ipsae
597 959 727 1036 termus,
751 958 784 1019 et
808 954 999 1037 aliquotiens
1022 952 1190 1035 Dominus,
1214 974 1308 1038 quom
1331 955 1413 1031 uult.

141 1091 143 1094 ·
265 1062 406 1128 mundat.
429 1062 512 1127 Nam
536 1065 569 1127 et
591 1062 798 1147 generalitate
823 1064 873 1125 est
891 1060 997 1143 alique
1014 1060 1169 1143 permitis.
1191 1061 1227 1125 ln
1247 1080 1309 1144 quo
1328 1080 1414 1127 ruere
1444 1080 1457 1121 s

265 1169 346 1235 nibil
364 1168 556 1245 uindicatur,
580 1187 637 1233 neo
659 1169 767 1253 lignes
790 1186 847 1232 noo
870 1168 980 1250 paloue
1003 1166 1049 1232 ibi
1071 1170 1181 1233 nutant
1199 1187 1300 1250 neque
1319 1168 1414 1235 homo

265 1274 312 1338 ibi
324 1278 431 1339 nutare
445 1278 562 1359 potest.
578 1274 641 1341 Sed
656 1274 807 1358 quioquid
821 1274 867 1338 ibi
877 1273 1054 1358 proiectum
1064 1273 1171 1353 fuerit,
1181 1274 1213 1339 in
1224 1274 1415 1357 profundum

267 1379 468 1467 demergitur.
506 1383 552 1447 De
575 1383 708 1449 Iordane
736 1400 839 1463 usque
868 1381 906 1446 ad
933 1379 1051 1459 locum,
1074 1380 1106 1445 in
1136 1400 1196 1463 quo
1220 1380 1348 1463 Moyses
1376 1380 1415 1445 de

266 1505 394 1571 corpore
423 1488 507 1566 exiit,
536 1492 612 1554 sunt
638 1488 728 1553 milia
754 1492 837 1554 ooto.
874 1486 993 1551 Exinde
1020 1506 1082 1551 non
1109 1487 1248 1552 multum
1274 1487 1370 1571 longa
1398 1506 1416 1551 a

267 1592 376 1677 Segor,
394 1594 427 1658 in
451 1596 567 1677 quibus
589 1596 670 1662 loois
693 1595 787 1660 multi
812 1594 994 1659 heremitae.
1018 1593 1167 1659 Vidimus
1191 1594 1286 1661 stibi
1304 1612 1415 1661 mouu-
1435 1617 1459 1657 ro

264 1705 407 1766 mentum
430 1702 580 1782 Absalon,
603 1704 661 1768 filii
684 1702 799 1768 Dauid.

223 1817 263 1881 11
310 1809 484 1875 Tenuimus
497 1810 689 1895 theophania
705 1812 793 1875 iuxta
806 1809 948 1887 Iordane,
964 1813 997 1874 et
1014 1809 1060 1873 ibi
1078 1810 1159 1874 fiunt
1176 1808 1344 1885 mirabilia,
1359 1808 1415 1873 ubi

266 1914 445 2000 baptizatus
461 1919 511 1982 est
524 1916 691 1997 Dominus,
709 1916 742 1979 in
761 1917 833 2000 ipss
851 1917 954 1980 noete.
971 1916 1031 1980 Est
1043 1915 1088 1980 ibi
1101 1914 1247 1981 tumulus
1267 1914 1415 1980 cancellis

265 2022 492 2100 circumdatus,
517 2027 550 2087 et
570 2023 602 2087 in
626 2024 707 2101 loeo,
731 2023 789 2087 ubi
812 2022 968 2087 redundat
990 2040 1072 2105 aque
1094 2021 1127 2085 in
1154 2020 1280 2086 alueum
1309 2040 1415 2100 suum,

264 2129 371 2213 posita
399 2131 450 2194 est
476 2149 551 2194 crux
574 2130 680 2214 lignea
701 2129 789 2193 intus
812 2129 844 2194 in
868 2147 983 2211 aquam
1007 2147 1043 2193 ex
1066 2130 1200 2209 utraque
1223 2130 1312 2209 parte
1333 2146 1415 2191 mar·
1434 2148 1459 2189 u
1548 2190 1549 2201 ἢ

265 2237 374 2301 moris.
410 2238 447 2302 ln
471 2236 594 2321 uigiliis
616 2236 827 2319 theophaniae
851 2235 985 2319 grandes
1008 2235 1091 2299 fiunt
1112 2234 1253 2319 uigiliae,
1275 2235 1415 2318 populus

264 2342 419 2421 infinitus,
439 2346 472 2407 et
495 2347 608 2425 quarta
626 2346 682 2407 aut
699 2342 810 2426 quintu
828 2343 900 2407 uice
919 2343 1004 2426 gallo
1024 2344 1154 2406 canente
1172 2340 1254 2406 fiunt
1271 2340 1414 2425 uigiliae.

266 2450 442 2534 Completie
465 2450 631 2514 matutinis
654 2450 755 2533 primo
781 2449 923 2514 diluculo
948 2451 1113 2533 surgentes
1132 2447 1307 2531 prooedunt
1324 2448 1414 2513 mini-

266 2558 363 2621 steria
394 2557 454 2621 sub
491 2556 576 2633 diuo,
609 2560 641 2620 et
677 2556 800 2620 diaconi
837 2558 981 2621 tenentes
1016 2554 1214 2621 sacerdotem
1250 2554 1416 2621 deseendit

265 2662 412 2727 sacerdos
439 2663 472 2727 in
500 2662 646 2740 fluuium,
675 2665 708 2725 et
735 2681 790 2726 ora
818 2680 880 2744 qua
907 2662 1047 2744 eoeperit
1073 2661 1258 2726 benedicere
1290 2680 1459 2745 squameo
1549 2674 1550 2745 j

264 2788 336 2833 mox
361 2768 505 2834 Iordanis
532 2787 606 2833 eum
633 2786 748 2852 magno
776 2768 886 2851 rugitu
914 2769 989 2850 post
1016 2787 1050 2833 se
1077 2767 1257 2847 reuertitur,
1285 2771 1318 2833 et
1350 2772 1415 2833 stat

264 2894 346 2957 aqua
368 2876 512 2958 superior
534 2874 567 2938 in
591 2893 636 2951 se,
661 2874 841 2956 usquedum
868 2874 1048 2957 baptismus
1076 2874 1252 2958 perlioitur;
1285 2874 1416 2939 inferior

263 3001 339 3046 uero
363 2982 448 3066 fugit
469 2982 500 3046 in
524 3000 610 3045 mare
633 2980 757 3046 dicente
782 2981 965 3063 psalmista:
989 2980 1090 3045 Mare
1119 2980 1218 3046 uidit
1241 2985 1278 3045 et
1300 2980 1412 3065 fugit,

263 3088 435 3153 Iordanis
455 3107 662 3153 conuersus
682 3092 742 3153 est
759 3090 976 3153 retrorsum.
991 3088 1079 3152 Tune
1095 3087 1414 3153 omnesAlexandrini

264 3193 382 3259 habent
394 3194 439 3259 ibi
458 3214 532 3259 suas
551 3213 647 3259 naues
668 3214 740 3261 cum
759 3194 942 3260 hominibus
962 3193 1113 3259 habentes
1133 3194 1283 3276 colaphos
1302 3195 1413 3278 plenos
1432 3216 1457 3255 ss

265 3302 458 3366 aromatibus
491 3304 523 3366 et
553 3302 707 3369 balsamo.
749 3302 792 3367 ut
823 3301 908 3377 hora,
943 3320 1005 3384 qua
1036 3300 1251 3367 benedixerint
1281 3301 1413 3378 fontem,

264 3412 431 3496 antequam
453 3408 607 3490 inoipiunt
624 3408 793 3493 baptizare,
810 3408 948 3474 fundunt
965 3408 1039 3473 illos
1059 3408 1209 3491 colaphos
1227 3408 1260 3472 in
1277 3407 1412 3473 fluuium

353 3652 387 3706 23
405 3650 505 3705 Pealm.
525 3652 587 3717 113,
605 3653 621 3707 3

301 3809 600 3865 isubtus-Gomorra
617 3826 667 3864 om.
682 3810 710 3864 Β
757 3812 860 3865 2msre
874 3827 926 3864 om.
941 3809 968 3864 Β
1018 3808 1172 3865 tmedium
1190 3810 1371 3879 septembrem
1387 3813 1414 3866 Β

263 3898 427 3953 ⁴llauuutur
443 3898 472 3952 iu
490 3900 558 3969 ipsis
576 3898 690 3952 thermis
707 3899 735 3952 B
798 3898 962 3970 bparmitia
981 3900 1007 3951 Β
1070 3899 1200 3969 blinguu
1218 3898 1245 3953 Β
1316 3904 1414 3956 nature

264 3988 378 4058 possunt
395 3988 423 4041 Β
494 3991 710 4058 neque-potest
727 4004 779 4041 om.
800 3990 826 4041 Β
886 3988 948 4041 7in
967 3986 1035 4041 illud
1055 3988 1185 4057 proioitnr
1203 3987 1230 4040 Β
1303 3988 1414 4044 emili-

264 4078 322 4131 aria
338 4077 366 4130 Β
437 4093 522 4131 som.
541 4076 569 4129 B
624 4078 658 4131 10
675 4076 808 4131 heremite
827 4076 906 4131 multi
925 4076 952 4129 B
1008 4077 1040 4129 12
1059 4076 1253 4146 theophaniam
1271 4077 1298 4131 B
1357 4079 1413 4133 ior-

264 4164 361 4219 danom
378 4164 406 4219 Β
476 4164 613 4219 mirabilia
630 4164 718 4219 mults
735 4166 763 4219 Β
827 4168 860 4220 15
879 4182 950 4235 aqua
968 4165 996 4218 Β
1050 4165 1083 4221 16
1102 4164 1200 4234 gradm
1218 4165 1262 4221 Br
1316 4166 1351 4221 19
1371 4166 1412 4222 di·

263 4254 367 4308 uumB
420 4253 576 4308 20lroraB
629 4254 662 4307 21
678 4254 783 4324 rugitu]
794 4254 952 4325 strepituB
1006 4255 1040 4309 23
1055 4252 1127 4308 uidit
1140 4255 1229 4309 om.B
1278 4258 1312 4313 25
1327 4274 1414 4311 naues

264 4360 327 4397 suos
345 4343 403 4409 (sio)
422 4342 450 4395 B
503 4344 537 4397 26
556 4344 592 4396 Et
610 4359 660 4396 om.
680 4343 708 4395 Β
778 4342 975 4396 benedixerunt
992 4342 1020 4395 Β
