<?xml version="1.0" encoding="UTF-8"?>
<!DOCTYPE html PUBLIC "-//W3C//DTD XHTML 1.0 Transitional//EN"
    "http://www.w3.org/TR/xhtml1/DTD/xhtml1-transitional.dtd">
<html xmlns="http://www.w3.org/1999/xhtml" xml:lang="en" lang="en">
 <head>
  <title>
</title>
<meta http-equiv="Content-Type" content="text/html;charset=utf-8" />
  <meta name='ocr-system' content='tesseract 3.04.00' />
  <meta name='ocr-capabilities' content='ocr_page ocr_carea ocr_par ocr_line ocrx_word'/>
</head>
<body>
  <div class='ocr_page' id='page_1' title='image "./corpusscriptoru17wissgoog_0157.png"; bbox 0 0 3125 4942; ppageno 0'>
   <div class='ocr_carea' id='block_1_1' title="bbox 453 460 1295 531">
    <p class='ocr_par' dir='ltr' id='par_1_1' title="bbox 453 460 1295 531">
     <span class='ocr_line' id='line_1_1' title="bbox 453 460 1295 531; baseline -0.001 -16"><span class='ocrx_word' id='word_1_1' title='bbox 453 460 479 516; x_wconf 87' lang='lat' dir='ltr'><strong>S.</strong></span> <span class='ocrx_word' id='word_1_2' title='bbox 508 460 663 515; x_wconf 84' lang='lat' dir='ltr'><strong>Siluiae</strong></span> <span class='ocrx_word' id='word_1_3' title='bbox 691 461 975 531; x_wconf 74' lang='lat' dir='ltr'><strong>peregrinatio</strong></span> <span class='ocrx_word' id='word_1_4' title='bbox 1254 466 1295 529; x_wconf 85' lang='lat'><strong>95</strong></span> 
     </span>
    </p>
   </div>
   <div class='ocr_carea' id='block_1_2' title="bbox 96 656 1347 3944">
    <p class='ocr_par' dir='ltr' id='par_1_2' title="bbox 96 656 1347 3944">
     <span class='ocr_line' id='line_1_2' title="bbox 138 656 1292 732; baseline 0.004 -13"><span class='ocrx_word' id='word_1_5' title='bbox 138 656 181 719; x_wconf 92' lang='lat' dir='ltr'><strong>ihi</strong></span> <span class='ocrx_word' id='word_1_6' title='bbox 199 656 373 732; x_wconf 84' lang='lat' dir='ltr'><strong>luoemare,</strong></span> <span class='ocrx_word' id='word_1_7' title='bbox 393 656 431 720; x_wconf 91' lang='lat' dir='ltr'><strong>fit</strong></span> <span class='ocrx_word' id='word_1_8' title='bbox 445 657 555 731; x_wconf 87' lang='lat' dir='ltr'><strong>oratio,</strong></span> <span class='ocrx_word' id='word_1_9' title='bbox 574 656 806 721; x_wconf 85' lang='lat' dir='ltr'><strong>benedicuntur</strong></span> <span class='ocrx_word' id='word_1_10' title='bbox 820 658 1033 723; x_wconf 88' lang='lat' dir='ltr'><strong>cathecumini</strong></span> <span class='ocrx_word' id='word_1_11' title='bbox 1053 659 1150 723; x_wconf 88' lang='lat' dir='ltr'><strong>etsie</strong></span> <span class='ocrx_word' id='word_1_12' title='bbox 1169 658 1292 725; x_wconf 87' lang='lat' dir='ltr'><strong>fideles.</strong></span> 
     </span>
     <span class='ocr_line' id='line_1_3' title="bbox 138 762 1294 849; baseline 0.002 -22"><span class='ocrx_word' id='word_1_13' title='bbox 138 764 177 827; x_wconf 83' lang='lat' dir='ltr'><strong>ut</strong></span> <span class='ocrx_word' id='word_1_14' title='bbox 199 764 265 829; x_wconf 87' lang='lat' dir='ltr'><strong>iam</strong></span> <span class='ocrx_word' id='word_1_15' title='bbox 288 763 361 829; x_wconf 86' lang='lat' dir='ltr'><strong>iude</strong></span> <span class='ocrx_word' id='word_1_16' title='bbox 385 762 587 827; x_wconf 78' lang='lat' dir='ltr'>descenditur</span> <span class='ocrx_word' id='word_1_17' title='bbox 610 782 681 827; x_wconf 89' lang='lat' dir='ltr'><strong>oum</strong></span> <span class='ocrx_word' id='word_1_18' title='bbox 705 764 820 846; x_wconf 82' lang='lat' dir='ltr'><strong>ymnis,</strong></span> <span class='ocrx_word' id='word_1_19' title='bbox 845 765 948 829; x_wconf 89' lang='lat' dir='ltr'><strong>omnis</strong></span> <span class='ocrx_word' id='word_1_20' title='bbox 972 766 1110 849; x_wconf 90' lang='lat' dir='ltr'><strong>populus</strong></span> <span class='ocrx_word' id='word_1_21' title='bbox 1129 784 1234 848; x_wconf 89' lang='lat' dir='ltr'><strong>usque</strong></span> <span class='ocrx_word' id='word_1_22' title='bbox 1253 764 1294 829; x_wconf 93' lang='lat' dir='ltr'><strong>ad</strong></span> 
     </span>
     <span class='ocr_line' id='line_1_4' title="bbox 138 869 1292 955; baseline 0.001 -20"><span class='ocrx_word' id='word_1_23' title='bbox 138 890 237 935; x_wconf 88' lang='lat' dir='ltr'><strong>unum</strong></span> <span class='ocrx_word' id='word_1_24' title='bbox 261 869 323 935; x_wconf 86' lang='lat' dir='ltr'><strong>toti</strong></span> <span class='ocrx_word' id='word_1_25' title='bbox 347 888 420 935; x_wconf 90' lang='lat' dir='ltr'><strong>oum</strong></span> <span class='ocrx_word' id='word_1_26' title='bbox 445 870 594 952; x_wconf 90' lang='lat' dir='ltr'><strong>episcopo</strong></span> <span class='ocrx_word' id='word_1_27' title='bbox 618 889 731 953; x_wconf 83' lang='lat' dir='ltr'><strong>ymnos</strong></span> <span class='ocrx_word' id='word_1_28' title='bbox 755 869 898 935; x_wconf 89' lang='lat' dir='ltr'><strong>dicentes</strong></span> <span class='ocrx_word' id='word_1_29' title='bbox 921 872 975 936; x_wconf 92' lang='lat' dir='ltr'><strong>uel</strong></span> <span class='ocrx_word' id='word_1_30' title='bbox 994 872 1182 955; x_wconf 83' lang='lat' dir='ltr'><strong>antiphonas</strong></span> <span class='ocrx_word' id='word_1_31' title='bbox 1202 875 1292 955; x_wconf 85' lang='lat' dir='ltr'><strong>aptas</strong></span> 
     </span>
     <span class='ocr_line' id='line_1_5' title="bbox 139 976 1344 1061; baseline -0.002 -20"><span class='ocrx_word' id='word_1_32' title='bbox 139 978 200 1043; x_wconf 87' lang='lat' dir='ltr'><strong>diei</strong></span> <span class='ocrx_word' id='word_1_33' title='bbox 224 977 302 1061; x_wconf 86' lang='lat' dir='ltr'><strong>ipsi;</strong></span> <span class='ocrx_word' id='word_1_34' title='bbox 328 978 374 1041; x_wconf 92' lang='lat' dir='ltr'><strong>sio</strong></span> <span class='ocrx_word' id='word_1_35' title='bbox 398 976 525 1041; x_wconf 91' lang='lat' dir='ltr'><strong>ueuitur</strong></span> <span class='ocrx_word' id='word_1_36' title='bbox 547 976 632 1041; x_wconf 88' lang='lat' dir='ltr'><strong>lente</strong></span> <span class='ocrx_word' id='word_1_37' title='bbox 652 980 684 1039; x_wconf 90' lang='lat' dir='ltr'><strong>et</strong></span> <span class='ocrx_word' id='word_1_38' title='bbox 701 977 788 1040; x_wconf 89' lang='lat' dir='ltr'><strong>lente</strong></span> <span class='ocrx_word' id='word_1_39' title='bbox 806 996 909 1059; x_wconf 90' lang='lat' dir='ltr'><strong>usque</strong></span> <span class='ocrx_word' id='word_1_40' title='bbox 929 978 969 1042; x_wconf 87' lang='lat' dir='ltr'><strong>ad</strong></span> <span class='ocrx_word' id='word_1_41' title='bbox 986 978 1186 1060; x_wconf 78' lang='lat' dir='ltr'><strong>Martyrium.</strong></span> <span class='ocrx_word' id='word_1_42' title='bbox 1212 978 1293 1043; x_wconf 85' lang='lat' dir='ltr'><strong>Cum</strong></span> <span class='ocrx_word' id='word_1_43' title='bbox 1326 976 1344 1039; x_wconf 83' lang='lat'><strong>7</strong></span> 
     </span>
     <span class='ocr_line' id='line_1_6' title="bbox 111 1082 1294 1167; baseline 0.005 -24"><span class='ocrx_word' id='word_1_44' title='bbox 111 1090 246 1149; x_wconf 74' lang='lat' dir='ltr'><strong>sautem</strong></span> <span class='ocrx_word' id='word_1_45' title='bbox 265 1085 450 1167; x_wconf 89' lang='lat' dir='ltr'><strong>pemenitur</strong></span> <span class='ocrx_word' id='word_1_46' title='bbox 469 1082 507 1147; x_wconf 80' lang='lat' dir='ltr'><strong>acl</strong></span> <span class='ocrx_word' id='word_1_47' title='bbox 525 1086 649 1165; x_wconf 89' lang='lat' dir='ltr'><strong>portam</strong></span> <span class='ocrx_word' id='word_1_48' title='bbox 669 1082 822 1159; x_wconf 87' lang='lat' dir='ltr'><strong>ciuitatis,</strong></span> <span class='ocrx_word' id='word_1_49' title='bbox 841 1084 905 1148; x_wconf 91' lang='lat' dir='ltr'><strong>iam</strong></span> <span class='ocrx_word' id='word_1_50' title='bbox 923 1103 983 1148; x_wconf 85' lang='lat' dir='ltr'><strong>uox</strong></span> <span class='ocrx_word' id='word_1_51' title='bbox 1002 1088 1052 1149; x_wconf 87' lang='lat' dir='ltr'><strong>est</strong></span> <span class='ocrx_word' id='word_1_52' title='bbox 1074 1089 1107 1149; x_wconf 90' lang='lat' dir='ltr'><strong>et</strong></span> <span class='ocrx_word' id='word_1_53' title='bbox 1130 1088 1294 1149; x_wconf 87' lang='lat' dir='ltr'><strong>occurrent</strong></span> 
     </span>
     <span class='ocr_line' id='line_1_7' title="bbox 138 1189 1294 1275; baseline -0.002 -19"><span class='ocrx_word' id='word_1_54' title='bbox 138 1192 288 1257; x_wconf 85' lang='lat' dir='ltr'><strong>candelae</strong></span> <span class='ocrx_word' id='word_1_55' title='bbox 312 1190 548 1255; x_wconf 85' lang='lat' dir='ltr'><strong>ecclesiasticae</strong></span> <span class='ocrx_word' id='word_1_56' title='bbox 572 1189 625 1254; x_wconf 93' lang='lat' dir='ltr'><strong>uel</strong></span> <span class='ocrx_word' id='word_1_57' title='bbox 649 1189 804 1255; x_wconf 78' lang='lat' dir='ltr'><strong>ducentae</strong></span> <span class='ocrx_word' id='word_1_58' title='bbox 828 1192 1112 1275; x_wconf 79' lang='lat' dir='ltr'><strong>propterpopu103</strong></span> <span class='ocrx_word' id='word_1_59' title='bbox 1141 1193 1294 1275; x_wconf 86' lang='lat' dir='ltr'><strong>deporta</strong></span> 
     </span>
     <span class='ocr_line' id='line_1_8' title="bbox 138 1298 1292 1380; baseline -0.002 -17"><span class='ocrx_word' id='word_1_60' title='bbox 138 1304 256 1376; x_wconf 86' lang='lat' dir='ltr'><strong>autem,</strong></span> <span class='ocrx_word' id='word_1_61' title='bbox 281 1299 430 1380; x_wconf 90' lang='lat' dir='ltr'><strong>quoniam</strong></span> <span class='ocrx_word' id='word_1_62' title='bbox 454 1298 533 1362; x_wconf 87' lang='lat' dir='ltr'><strong>satis</strong></span> <span class='ocrx_word' id='word_1_63' title='bbox 557 1300 732 1379; x_wconf 89' lang='lat' dir='ltr'><strong>estusque</strong></span> <span class='ocrx_word' id='word_1_64' title='bbox 756 1298 796 1361; x_wconf 87' lang='lat' dir='ltr'><strong>ad</strong></span> <span class='ocrx_word' id='word_1_65' title='bbox 820 1298 956 1362; x_wconf 89' lang='lat' dir='ltr'><strong>ecclesia</strong></span> <span class='ocrx_word' id='word_1_66' title='bbox 978 1298 1108 1375; x_wconf 90' lang='lat' dir='ltr'><strong>maiore,</strong></span> <span class='ocrx_word' id='word_1_67' title='bbox 1132 1298 1166 1363; x_wconf 87' lang='lat' dir='ltr'><strong>id</strong></span> <span class='ocrx_word' id='word_1_68' title='bbox 1185 1302 1235 1363; x_wconf 84' lang='lat' dir='ltr'><strong>est</strong></span> <span class='ocrx_word' id='word_1_69' title='bbox 1253 1299 1292 1363; x_wconf 89' lang='lat' dir='ltr'><strong>ad</strong></span> 
     </span>
     <span class='ocr_line' id='line_1_9' title="bbox 136 1404 1294 1489; baseline -0.002 -18"><span class='ocrx_word' id='word_1_70' title='bbox 136 1406 337 1489; x_wconf 80' lang='lat' dir='ltr'><strong>Martyrium,</strong></span> <span class='ocrx_word' id='word_1_71' title='bbox 361 1424 452 1488; x_wconf 90' lang='lat' dir='ltr'><strong>porro</strong></span> <span class='ocrx_word' id='word_1_72' title='bbox 470 1405 547 1469; x_wconf 88' lang='lat' dir='ltr'><strong>hora</strong></span> <span class='ocrx_word' id='word_1_73' title='bbox 563 1405 668 1469; x_wconf 86' lang='lat' dir='ltr'><strong>hootis</strong></span> <span class='ocrx_word' id='word_1_74' title='bbox 687 1404 820 1469; x_wconf 84' lang='lat' dir='ltr'><strong>forsitan</strong></span> <span class='ocrx_word' id='word_1_75' title='bbox 840 1404 979 1469; x_wconf 83' lang='lat' dir='ltr'><strong>secunda</strong></span> <span class='ocrx_word' id='word_1_76' title='bbox 1002 1406 1195 1488; x_wconf 85' lang='lat' dir='ltr'><strong>peruenitur,</strong></span> <span class='ocrx_word' id='word_1_77' title='bbox 1220 1406 1294 1487; x_wconf 87' lang='lat' dir='ltr'><strong>quia</strong></span> 
     </span>
     <span class='ocr_line' id='line_1_10' title="bbox 135 1511 1292 1597; baseline 0.001 -21"><span class='ocrx_word' id='word_1_78' title='bbox 135 1513 221 1576; x_wconf 89' lang='lat' dir='ltr'><strong>lente</strong></span> <span class='ocrx_word' id='word_1_79' title='bbox 251 1514 284 1576; x_wconf 89' lang='lat' dir='ltr'><strong>et</strong></span> <span class='ocrx_word' id='word_1_80' title='bbox 310 1513 396 1577; x_wconf 89' lang='lat' dir='ltr'><strong>lente</strong></span> <span class='ocrx_word' id='word_1_81' title='bbox 423 1511 489 1575; x_wconf 91' lang='lat' dir='ltr'><strong>itur</strong></span> <span class='ocrx_word' id='word_1_82' title='bbox 515 1514 620 1577; x_wconf 90' lang='lat' dir='ltr'><strong>totum</strong></span> <span class='ocrx_word' id='word_1_83' title='bbox 648 1530 703 1595; x_wconf 92' lang='lat' dir='ltr'><strong>pro</strong></span> <span class='ocrx_word' id='word_1_84' title='bbox 726 1512 858 1594; x_wconf 87' lang='lat' dir='ltr'><strong>populo,</strong></span> <span class='ocrx_word' id='word_1_85' title='bbox 888 1532 926 1577; x_wconf 92' lang='lat' dir='ltr'><strong>ne</strong></span> <span class='ocrx_word' id='word_1_86' title='bbox 949 1513 1125 1597; x_wconf 82' lang='lat' dir='ltr'><strong>fatigentur</strong></span> <span class='ocrx_word' id='word_1_87' title='bbox 1145 1512 1292 1596; x_wconf 78' lang='lat' dir='ltr'><strong>pedihus</strong></span> 
     </span>
     <span class='ocr_line' id='line_1_11' title="bbox 99 1618 1292 1703; baseline 0.005 -26"><span class='ocrx_word' id='word_1_88' title='bbox 99 1620 177 1684; x_wconf 75' lang='lat' dir='ltr'><strong>aaa</strong></span> <span class='ocrx_word' id='word_1_89' title='bbox 210 1619 329 1701; x_wconf 88' lang='lat' dir='ltr'><strong>apertis</strong></span> <span class='ocrx_word' id='word_1_90' title='bbox 363 1618 469 1683; x_wconf 85' lang='lat' dir='ltr'><strong>ualuis</strong></span> <span class='ocrx_word' id='word_1_91' title='bbox 501 1618 685 1694; x_wconf 88' lang='lat' dir='ltr'><strong>maioribus,</strong></span> <span class='ocrx_word' id='word_1_92' title='bbox 721 1638 802 1701; x_wconf 89' lang='lat' dir='ltr'><strong>quae</strong></span> <span class='ocrx_word' id='word_1_93' title='bbox 835 1624 912 1683; x_wconf 88' lang='lat' dir='ltr'><strong>sunt</strong></span> <span class='ocrx_word' id='word_1_94' title='bbox 943 1619 981 1684; x_wconf 92' lang='lat' dir='ltr'><strong>de</strong></span> <span class='ocrx_word' id='word_1_95' title='bbox 1009 1620 1161 1703; x_wconf 85' lang='lat' dir='ltr'><strong>quintana</strong></span> <span class='ocrx_word' id='word_1_96' title='bbox 1191 1623 1292 1702; x_wconf 86' lang='lat' dir='ltr'><strong>parte,</strong></span> 
     </span>
     <span class='ocr_line' id='line_1_12' title="bbox 137 1724 1291 1810; baseline 0.002 -20"><span class='ocrx_word' id='word_1_97' title='bbox 137 1726 239 1790; x_wconf 91' lang='lat' dir='ltr'><strong>omnis</strong></span> <span class='ocrx_word' id='word_1_98' title='bbox 269 1726 408 1809; x_wconf 89' lang='lat' dir='ltr'><strong>populus</strong></span> <span class='ocrx_word' id='word_1_99' title='bbox 435 1724 534 1789; x_wconf 89' lang='lat' dir='ltr'><strong>intrat</strong></span> <span class='ocrx_word' id='word_1_100' title='bbox 561 1726 592 1789; x_wconf 92' lang='lat' dir='ltr'><strong>in</strong></span> <span class='ocrx_word' id='word_1_101' title='bbox 622 1726 812 1809; x_wconf 87' lang='lat' dir='ltr'><strong>Martyrium</strong></span> <span class='ocrx_word' id='word_1_102' title='bbox 841 1744 914 1791; x_wconf 86' lang='lat' dir='ltr'><strong>cum</strong></span> <span class='ocrx_word' id='word_1_103' title='bbox 937 1728 1041 1809; x_wconf 89' lang='lat' dir='ltr'><strong>ymnis</strong></span> <span class='ocrx_word' id='word_1_104' title='bbox 1070 1730 1102 1791; x_wconf 85' lang='lat' dir='ltr'><strong>et</strong></span> <span class='ocrx_word' id='word_1_105' title='bbox 1130 1726 1291 1810; x_wconf 89' lang='lat' dir='ltr'><strong>episcopo.</strong></span> 
     </span>
     <span class='ocr_line' id='line_1_13' title="bbox 136 1832 1293 1916; baseline -0.001 -19"><span class='ocrx_word' id='word_1_106' title='bbox 136 1832 275 1916; x_wconf 81' lang='lat' dir='ltr'><strong>ingressi</strong></span> <span class='ocrx_word' id='word_1_107' title='bbox 310 1834 415 1897; x_wconf 88' lang='lat' dir='ltr'><strong>autem</strong></span> <span class='ocrx_word' id='word_1_108' title='bbox 449 1832 480 1897; x_wconf 91' lang='lat' dir='ltr'><strong>in</strong></span> <span class='ocrx_word' id='word_1_109' title='bbox 515 1833 649 1897; x_wconf 87' lang='lat' dir='ltr'><strong>ecclesia</strong></span> <span class='ocrx_word' id='word_1_110' title='bbox 681 1832 832 1897; x_wconf 88' lang='lat' dir='ltr'><strong>dicuntur·</strong></span> <span class='ocrx_word' id='word_1_111' title='bbox 859 1834 956 1916; x_wconf 86' lang='lat' dir='ltr'><strong>ymni,</strong></span> <span class='ocrx_word' id='word_1_112' title='bbox 990 1833 1027 1897; x_wconf 90' lang='lat' dir='ltr'><strong>fit</strong></span> <span class='ocrx_word' id='word_1_113' title='bbox 1055 1833 1167 1910; x_wconf 89' lang='lat' dir='ltr'><strong>oratio,</strong></span> <span class='ocrx_word' id='word_1_114' title='bbox 1199 1834 1293 1897; x_wconf 91' lang='lat' dir='ltr'><strong>hene-</strong></span> 
     </span>
     <span class='ocr_line' id='line_1_14' title="bbox 137 1939 1296 2023; baseline 0 -20"><span class='ocrx_word' id='word_1_115' title='bbox 137 1939 287 2003; x_wconf 84' lang='lat' dir='ltr'><strong>diouutur</strong></span> <span class='ocrx_word' id='word_1_116' title='bbox 311 1939 525 2004; x_wconf 88' lang='lat' dir='ltr'><strong>cathecumini</strong></span> <span class='ocrx_word' id='word_1_117' title='bbox 549 1944 582 2004; x_wconf 92' lang='lat' dir='ltr'><strong>et</strong></span> <span class='ocrx_word' id='word_1_118' title='bbox 606 1940 651 2005; x_wconf 89' lang='lat' dir='ltr'><strong>sic</strong></span> <span class='ocrx_word' id='word_1_119' title='bbox 675 1939 802 2013; x_wconf 67' lang='lat' dir='ltr'><strong>fidelem</strong></span> <span class='ocrx_word' id='word_1_120' title='bbox 827 1944 861 2003; x_wconf 90' lang='lat' dir='ltr'><strong>et</strong></span> <span class='ocrx_word' id='word_1_121' title='bbox 883 1940 955 2004; x_wconf 88' lang='lat' dir='ltr'><strong>inde</strong></span> <span class='ocrx_word' id='word_1_122' title='bbox 975 1939 1078 2004; x_wconf 90' lang='lat' dir='ltr'><strong>denuo</strong></span> <span class='ocrx_word' id='word_1_123' title='bbox 1099 1958 1172 2003; x_wconf 87' lang='lat' dir='ltr'><strong>eum</strong></span> <span class='ocrx_word' id='word_1_124' title='bbox 1190 1940 1296 2023; x_wconf 89' lang='lat' dir='ltr'><strong>ymnis</strong></span> 
     </span>
     <span class='ocr_line' id='line_1_15' title="bbox 136 2038 1347 2121; baseline -0.002 -10"><span class='ocrx_word' id='word_1_125' title='bbox 136 2038 201 2111; x_wconf 81' lang='lat' dir='ltr'><strong>itur</strong></span> <span class='ocrx_word' id='word_1_126' title='bbox 229 2046 270 2110; x_wconf 88' lang='lat' dir='ltr'><strong>ad</strong></span> <span class='ocrx_word' id='word_1_127' title='bbox 293 2046 459 2110; x_wconf 72' lang='lat' dir='ltr'><strong>anastase.</strong></span> <span class='ocrx_word' id='word_1_128' title='bbox 504 2045 659 2111; x_wconf 85' lang='lat' dir='ltr'><strong>Similiter</strong></span> <span class='ocrx_word' id='word_1_129' title='bbox 687 2046 725 2111; x_wconf 89' lang='lat' dir='ltr'><strong>ad</strong></span> <span class='ocrx_word' id='word_1_130' title='bbox 748 2046 907 2111; x_wconf 85' lang='lat' dir='ltr'><strong>Anastase</strong></span> <span class='ocrx_word' id='word_1_131' title='bbox 931 2066 1004 2111; x_wconf 91' lang='lat' dir='ltr'><strong>eum</strong></span> <span class='ocrx_word' id='word_1_132' title='bbox 1032 2050 1164 2111; x_wconf 87' lang='lat' dir='ltr'><strong>uentum</strong></span> <span class='ocrx_word' id='word_1_133' title='bbox 1188 2046 1294 2121; x_wconf 89' lang='lat' dir='ltr'><strong>fuerit,</strong></span> <span class='ocrx_word' id='word_1_134' title='bbox 1327 2044 1347 2108; x_wconf 85' lang='grc'><strong>8</strong></span> 
     </span>
     <span class='ocr_line' id='line_1_16' title="bbox 98 2152 1294 2236; baseline 0.003 -24"><span class='ocrx_word' id='word_1_135' title='bbox 98 2152 287 2217; x_wconf 74' lang='lat' dir='ltr'><strong>radicantur</strong></span> <span class='ocrx_word' id='word_1_136' title='bbox 314 2153 402 2236; x_wconf 89' lang='lat' dir='ltr'><strong>ymni</strong></span> <span class='ocrx_word' id='word_1_137' title='bbox 430 2172 488 2217; x_wconf 91' lang='lat' dir='ltr'><strong>seu</strong></span> <span class='ocrx_word' id='word_1_138' title='bbox 511 2153 708 2235; x_wconf 87' lang='lat' dir='ltr'><strong>antiphonae,</strong></span> <span class='ocrx_word' id='word_1_139' title='bbox 736 2152 774 2215; x_wconf 92' lang='lat' dir='ltr'><strong>fit</strong></span> <span class='ocrx_word' id='word_1_140' title='bbox 797 2152 909 2230; x_wconf 88' lang='lat' dir='ltr'><strong>oratio,</strong></span> <span class='ocrx_word' id='word_1_141' title='bbox 937 2152 1167 2218; x_wconf 87' lang='lat' dir='ltr'><strong>benedicuntur</strong></span> <span class='ocrx_word' id='word_1_142' title='bbox 1190 2153 1294 2218; x_wconf 87' lang='lat' dir='ltr'><strong>cathe-</strong></span> 
     </span>
     <span class='ocr_line' id='line_1_17' title="bbox 137 2258 1294 2337; baseline 0 -14"><span class='ocrx_word' id='word_1_143' title='bbox 137 2259 266 2337; x_wconf 91' lang='lat' dir='ltr'><strong>cumini,</strong></span> <span class='ocrx_word' id='word_1_144' title='bbox 292 2260 339 2324; x_wconf 87' lang='lat' dir='ltr'><strong>sio</strong></span> <span class='ocrx_word' id='word_1_145' title='bbox 363 2258 488 2335; x_wconf 64' lang='lat' dir='ltr'><strong>fidelem</strong></span> <span class='ocrx_word' id='word_1_146' title='bbox 514 2260 662 2324; x_wconf 89' lang='lat' dir='ltr'><strong>similiter</strong></span> <span class='ocrx_word' id='word_1_147' title='bbox 685 2259 722 2324; x_wconf 89' lang='lat' dir='ltr'><strong>fit</strong></span> <span class='ocrx_word' id='word_1_148' title='bbox 745 2262 778 2324; x_wconf 89' lang='lat' dir='ltr'><strong>et</strong></span> <span class='ocrx_word' id='word_1_149' title='bbox 801 2259 841 2323; x_wconf 90' lang='lat' dir='ltr'><strong>ad</strong></span> <span class='ocrx_word' id='word_1_150' title='bbox 865 2259 1011 2325; x_wconf 84' lang='lat' dir='ltr'><strong>Crucem.</strong></span> <span class='ocrx_word' id='word_1_151' title='bbox 1034 2260 1075 2324; x_wconf 83' lang='lat' dir='ltr'><strong>ut</strong></span> <span class='ocrx_word' id='word_1_152' title='bbox 1094 2260 1197 2324; x_wconf 90' lang='lat' dir='ltr'><strong>denuo</strong></span> <span class='ocrx_word' id='word_1_153' title='bbox 1221 2259 1294 2323; x_wconf 92' lang='lat' dir='ltr'><strong>inde</strong></span> 
     </span>
     <span class='ocr_line' id='line_1_18' title="bbox 138 2366 1295 2450; baseline -0.002 -19"><span class='ocrx_word' id='word_1_154' title='bbox 138 2367 240 2431; x_wconf 90' lang='lat' dir='ltr'><strong>omnis</strong></span> <span class='ocrx_word' id='word_1_155' title='bbox 264 2367 404 2450; x_wconf 88' lang='lat' dir='ltr'><strong>populus</strong></span> <span class='ocrx_word' id='word_1_156' title='bbox 429 2366 620 2431; x_wconf 88' lang='lat' dir='ltr'><strong>christianus</strong></span> <span class='ocrx_word' id='word_1_157' title='bbox 645 2386 747 2449; x_wconf 87' lang='lat' dir='ltr'><strong>usque</strong></span> <span class='ocrx_word' id='word_1_158' title='bbox 771 2366 812 2431; x_wconf 89' lang='lat' dir='ltr'><strong>ad</strong></span> <span class='ocrx_word' id='word_1_159' title='bbox 835 2385 935 2431; x_wconf 91' lang='lat' dir='ltr'><strong>uuum</strong></span> <span class='ocrx_word' id='word_1_160' title='bbox 955 2385 1027 2431; x_wconf 89' lang='lat' dir='ltr'><strong>eum</strong></span> <span class='ocrx_word' id='word_1_161' title='bbox 1050 2366 1154 2450; x_wconf 90' lang='lat' dir='ltr'><strong>ymnis</strong></span> <span class='ocrx_word' id='word_1_162' title='bbox 1174 2366 1295 2429; x_wconf 85' lang='lat' dir='ltr'><strong>ducunt</strong></span> 
     </span>
     <span class='ocr_line' id='line_1_19' title="bbox 139 2472 1347 2557; baseline -0.002 -20"><span class='ocrx_word' id='word_1_163' title='bbox 139 2475 326 2556; x_wconf 87' lang='lat' dir='ltr'><strong>episcopum</strong></span> <span class='ocrx_word' id='word_1_164' title='bbox 350 2492 453 2556; x_wconf 85' lang='lat' dir='ltr'><strong>usque</strong></span> <span class='ocrx_word' id='word_1_165' title='bbox 477 2473 516 2537; x_wconf 88' lang='lat' dir='ltr'><strong>ad</strong></span> <span class='ocrx_word' id='word_1_166' title='bbox 541 2472 632 2556; x_wconf 88' lang='lat' dir='ltr'><strong>Syon.</strong></span> <span class='ocrx_word' id='word_1_167' title='bbox 668 2474 731 2539; x_wconf 91' lang='lat' dir='ltr'><strong>Ubi</strong></span> <span class='ocrx_word' id='word_1_168' title='bbox 755 2492 829 2537; x_wconf 88' lang='lat' dir='ltr'><strong>cum</strong></span> <span class='ocrx_word' id='word_1_169' title='bbox 854 2477 988 2538; x_wconf 87' lang='lat' dir='ltr'><strong>uentum</strong></span> <span class='ocrx_word' id='word_1_170' title='bbox 1009 2474 1117 2547; x_wconf 87' lang='lat' dir='ltr'><strong>fuerit,</strong></span> <span class='ocrx_word' id='word_1_171' title='bbox 1141 2474 1295 2557; x_wconf 87' lang='lat' dir='ltr'><strong>leguntur</strong></span> <span class='ocrx_word' id='word_1_172' title='bbox 1327 2472 1347 2534; x_wconf 88' lang='grc'><strong>9</strong></span> 
     </span>
     <span class='ocr_line' id='line_1_20' title="bbox 136 2579 1293 2663; baseline 0 -20"><span class='ocrx_word' id='word_1_173' title='bbox 136 2581 291 2645; x_wconf 89' lang='lat' dir='ltr'><strong>lectiones</strong></span> <span class='ocrx_word' id='word_1_174' title='bbox 326 2584 427 2662; x_wconf 88' lang='lat' dir='ltr'><strong>aptae,</strong></span> <span class='ocrx_word' id='word_1_175' title='bbox 464 2580 613 2645; x_wconf 84' lang='lat' dir='ltr'><strong>dicuutur</strong></span> <span class='ocrx_word' id='word_1_176' title='bbox 643 2580 758 2662; x_wconf 90' lang='lat' dir='ltr'><strong>psalmi</strong></span> <span class='ocrx_word' id='word_1_177' title='bbox 793 2581 846 2645; x_wconf 88' lang='lat' dir='ltr'><strong>uel</strong></span> <span class='ocrx_word' id='word_1_178' title='bbox 879 2581 1079 2663; x_wconf 86' lang='lat' dir='ltr'><strong>antiphonae,</strong></span> <span class='ocrx_word' id='word_1_179' title='bbox 1113 2580 1151 2644; x_wconf 92' lang='lat' dir='ltr'><strong>fit</strong></span> <span class='ocrx_word' id='word_1_180' title='bbox 1182 2579 1293 2650; x_wconf 83' lang='lat' dir='ltr'><strong>oratio,</strong></span> 
     </span>
     <span class='ocr_line' id='line_1_21' title="bbox 97 2687 1294 2753; baseline 0.003 -4"><span class='ocrx_word' id='word_1_181' title='bbox 97 2706 120 2743; x_wconf 79' lang='lat' dir='ltr'><strong>a</strong></span> <span class='ocrx_word' id='word_1_182' title='bbox 137 2687 369 2751; x_wconf 84' lang='lat' dir='ltr'><strong>benedicuntur</strong></span> <span class='ocrx_word' id='word_1_183' title='bbox 396 2687 610 2752; x_wconf 88' lang='lat' dir='ltr'><strong>cathecumini</strong></span> <span class='ocrx_word' id='word_1_184' title='bbox 638 2690 670 2751; x_wconf 89' lang='lat' dir='ltr'><strong>et</strong></span> <span class='ocrx_word' id='word_1_185' title='bbox 698 2688 744 2753; x_wconf 89' lang='lat' dir='ltr'><strong>sio</strong></span> <span class='ocrx_word' id='word_1_186' title='bbox 772 2687 883 2752; x_wconf 89' lang='lat' dir='ltr'><strong>fideles</strong></span> <span class='ocrx_word' id='word_1_187' title='bbox 913 2696 945 2751; x_wconf 88' lang='lat' dir='ltr'><strong>et</strong></span> <span class='ocrx_word' id='word_1_188' title='bbox 973 2688 1010 2751; x_wconf 91' lang='lat' dir='ltr'><strong>fit</strong></span> <span class='ocrx_word' id='word_1_189' title='bbox 1041 2688 1151 2753; x_wconf 87' lang='lat' dir='ltr'><strong>missa.</strong></span> <span class='ocrx_word' id='word_1_190' title='bbox 1193 2687 1294 2753; x_wconf 89' lang='lat' dir='ltr'><strong>Missa</strong></span> 
     </span>
     <span class='ocr_line' id='line_1_22' title="bbox 138 2793 1295 2877; baseline 0.003 -20"><span class='ocrx_word' id='word_1_191' title='bbox 138 2796 244 2859; x_wconf 90' lang='lat' dir='ltr'><strong>autem</strong></span> <span class='ocrx_word' id='word_1_192' title='bbox 259 2794 344 2858; x_wconf 88' lang='lat' dir='ltr'><strong>facta</strong></span> <span class='ocrx_word' id='word_1_193' title='bbox 358 2793 513 2858; x_wconf 84' lang='lat' dir='ltr'><strong>accedunt</strong></span> <span class='ocrx_word' id='word_1_194' title='bbox 527 2812 635 2859; x_wconf 92' lang='lat' dir='ltr'><strong>omnes</strong></span> <span class='ocrx_word' id='word_1_195' title='bbox 646 2793 684 2859; x_wconf 89' lang='lat' dir='ltr'><strong>ad</strong></span> <span class='ocrx_word' id='word_1_196' title='bbox 696 2812 825 2857; x_wconf 90' lang='lat' dir='ltr'><strong>manum</strong></span> <span class='ocrx_word' id='word_1_197' title='bbox 836 2794 978 2877; x_wconf 87' lang='lat' dir='ltr'><strong>episcopi</strong></span> <span class='ocrx_word' id='word_1_198' title='bbox 994 2797 1027 2858; x_wconf 91' lang='lat' dir='ltr'><strong>et</strong></span> <span class='ocrx_word' id='word_1_199' title='bbox 1036 2794 1082 2859; x_wconf 90' lang='lat' dir='ltr'><strong>sic</strong></span> <span class='ocrx_word' id='word_1_200' title='bbox 1091 2797 1295 2860; x_wconf 86' lang='lat' dir='ltr'><strong>reuertuntur</strong></span> 
     </span>
     <span class='ocr_line' id='line_1_23' title="bbox 138 2900 1293 2984; baseline 0 -19"><span class='ocrx_word' id='word_1_201' title='bbox 138 2901 360 2984; x_wconf 84' lang='lat' dir='ltr'><strong>uuusquisque</strong></span> <span class='ocrx_word' id='word_1_202' title='bbox 384 2900 423 2965; x_wconf 88' lang='lat' dir='ltr'><strong>ad</strong></span> <span class='ocrx_word' id='word_1_203' title='bbox 448 2900 577 2966; x_wconf 91' lang='lat' dir='ltr'><strong>domum</strong></span> <span class='ocrx_word' id='word_1_204' title='bbox 601 2920 692 2965; x_wconf 86' lang='lat' dir='ltr'><strong>auam</strong></span> <span class='ocrx_word' id='word_1_205' title='bbox 716 2901 794 2965; x_wconf 89' lang='lat' dir='ltr'><strong>hora</strong></span> <span class='ocrx_word' id='word_1_206' title='bbox 817 2901 920 2965; x_wconf 89' lang='lat' dir='ltr'><strong>noctis</strong></span> <span class='ocrx_word' id='word_1_207' title='bbox 943 2901 1076 2965; x_wconf 84' lang='lat' dir='ltr'><strong>forsitan</strong></span> <span class='ocrx_word' id='word_1_208' title='bbox 1101 2900 1217 2965; x_wconf 88' lang='lat' dir='ltr'><strong>media.</strong></span> <span class='ocrx_word' id='word_1_209' title='bbox 1245 2902 1293 2965; x_wconf 83' lang='lat' dir='ltr'><strong>Ao</strong></span> 
     </span>
     <span class='ocr_line' id='line_1_24' title="bbox 138 3006 1292 3091; baseline -0.001 -19"><span class='ocrx_word' id='word_1_210' title='bbox 138 3009 283 3091; x_wconf 87' lang='lat' dir='ltr'><strong>sicergo</strong></span> <span class='ocrx_word' id='word_1_211' title='bbox 308 3008 464 3073; x_wconf 84' lang='lat' dir='ltr'><strong>maximus</strong></span> <span class='ocrx_word' id='word_1_212' title='bbox 487 3008 577 3072; x_wconf 87' lang='lat' dir='ltr'><strong>labor</strong></span> <span class='ocrx_word' id='word_1_213' title='bbox 600 3007 631 3071; x_wconf 94' lang='lat' dir='ltr'><strong>iu</strong></span> <span class='ocrx_word' id='word_1_214' title='bbox 657 3026 692 3071; x_wconf 88' lang='lat' dir='ltr'><strong>ea</strong></span> <span class='ocrx_word' id='word_1_215' title='bbox 716 3006 766 3071; x_wconf 89' lang='lat' dir='ltr'><strong>die</strong></span> <span class='ocrx_word' id='word_1_216' title='bbox 792 3006 953 3083; x_wconf 89' lang='lat' dir='ltr'><strong>suffertur,</strong></span> <span class='ocrx_word' id='word_1_217' title='bbox 977 3006 1126 3089; x_wconf 89' lang='lat' dir='ltr'><strong>quoniam</strong></span> <span class='ocrx_word' id='word_1_218' title='bbox 1147 3007 1184 3071; x_wconf 90' lang='lat' dir='ltr'><strong>de</strong></span> <span class='ocrx_word' id='word_1_219' title='bbox 1202 3008 1292 3089; x_wconf 91' lang='lat' dir='ltr'><strong>pullo</strong></span> 
     </span>
     <span class='ocr_line' id='line_1_25' title="bbox 138 3112 1293 3198; baseline -0.002 -19"><span class='ocrx_word' id='word_1_220' title='bbox 138 3115 240 3198; x_wconf 90' lang='lat' dir='ltr'><strong>primo</strong></span> <span class='ocrx_word' id='word_1_221' title='bbox 264 3114 435 3197; x_wconf 83' lang='lat' dir='ltr'><strong>uigilatum</strong></span> <span class='ocrx_word' id='word_1_222' title='bbox 456 3116 505 3179; x_wconf 88' lang='lat' dir='ltr'><strong>est</strong></span> <span class='ocrx_word' id='word_1_223' title='bbox 523 3114 564 3178; x_wconf 88' lang='lat' dir='ltr'><strong>ad</strong></span> <span class='ocrx_word' id='word_1_224' title='bbox 580 3112 736 3179; x_wconf 83' lang='lat' dir='ltr'><strong>Anastase</strong></span> <span class='ocrx_word' id='word_1_225' title='bbox 757 3118 790 3178; x_wconf 89' lang='lat' dir='ltr'><strong>et</strong></span> <span class='ocrx_word' id='word_1_226' title='bbox 807 3114 881 3179; x_wconf 91' lang='lat' dir='ltr'><strong>inde</strong></span> <span class='ocrx_word' id='word_1_227' title='bbox 899 3133 957 3197; x_wconf 91' lang='lat' dir='ltr'><strong>per</strong></span> <span class='ocrx_word' id='word_1_228' title='bbox 975 3117 1044 3179; x_wconf 86' lang='lat' dir='ltr'><strong>tota</strong></span> <span class='ocrx_word' id='word_1_229' title='bbox 1063 3113 1113 3178; x_wconf 84' lang='lat' dir='ltr'><strong>die</strong></span> <span class='ocrx_word' id='word_1_230' title='bbox 1131 3132 1293 3195; x_wconf 91' lang='lat' dir='ltr'><strong>nunquam</strong></span> 
     </span>
     <span class='ocr_line' id='line_1_26' title="bbox 96 3220 1294 3304; baseline -0.003 -19"><span class='ocrx_word' id='word_1_231' title='bbox 96 3240 120 3279; x_wconf 70' lang='grc' dir='ltr'><strong>ιι</strong></span> <span class='ocrx_word' id='word_1_232' title='bbox 139 3226 301 3287; x_wconf 88' lang='lat' dir='ltr'><strong>cessatum</strong></span> <span class='ocrx_word' id='word_1_233' title='bbox 325 3223 386 3297; x_wconf 78' lang='lat' dir='ltr'><strong>est3</strong></span> <span class='ocrx_word' id='word_1_234' title='bbox 412 3224 444 3285; x_wconf 91' lang='lat' dir='ltr'><strong>et</strong></span> <span class='ocrx_word' id='word_1_235' title='bbox 467 3220 514 3285; x_wconf 89' lang='lat' dir='ltr'><strong>sio</strong></span> <span class='ocrx_word' id='word_1_236' title='bbox 539 3220 652 3299; x_wconf 90' lang='lat' dir='ltr'><strong>omnia,</strong></span> <span class='ocrx_word' id='word_1_237' title='bbox 673 3240 752 3303; x_wconf 87' lang='lat' dir='ltr'><strong>quae</strong></span> <span class='ocrx_word' id='word_1_238' title='bbox 773 3221 981 3298; x_wconf 87' lang='lat' dir='ltr'><strong>celebrantur,</strong></span> <span class='ocrx_word' id='word_1_239' title='bbox 1001 3220 1236 3304; x_wconf 89' lang='lat' dir='ltr'><strong>protrahuntur,</strong></span> <span class='ocrx_word' id='word_1_240' title='bbox 1255 3222 1294 3283; x_wconf 91' lang='lat' dir='ltr'><strong>ut</strong></span> 
     </span>
     <span class='ocr_line' id='line_1_27' title="bbox 138 3324 1292 3409; baseline -0.002 -18"><span class='ocrx_word' id='word_1_241' title='bbox 138 3330 230 3391; x_wconf 90' lang='lat' dir='ltr'><strong>nocte</strong></span> <span class='ocrx_word' id='word_1_242' title='bbox 254 3326 360 3391; x_wconf 86' lang='lat' dir='ltr'><strong>media</strong></span> <span class='ocrx_word' id='word_1_243' title='bbox 383 3328 457 3409; x_wconf 90' lang='lat' dir='ltr'><strong>post</strong></span> <span class='ocrx_word' id='word_1_244' title='bbox 479 3326 588 3403; x_wconf 88' lang='lat' dir='ltr'><strong>missa,</strong></span> <span class='ocrx_word' id='word_1_245' title='bbox 618 3344 698 3407; x_wconf 87' lang='lat' dir='ltr'><strong>quae</strong></span> <span class='ocrx_word' id='word_1_246' title='bbox 723 3327 808 3390; x_wconf 91' lang='lat' dir='ltr'><strong>facta</strong></span> <span class='ocrx_word' id='word_1_247' title='bbox 829 3326 925 3391; x_wconf 90' lang='lat' dir='ltr'><strong>fuerit</strong></span> <span class='ocrx_word' id='word_1_248' title='bbox 947 3326 979 3389; x_wconf 89' lang='lat' dir='ltr'><strong>in</strong></span> <span class='ocrx_word' id='word_1_249' title='bbox 1003 3325 1090 3402; x_wconf 88' lang='lat' dir='ltr'><strong>Sion,</strong></span> <span class='ocrx_word' id='word_1_250' title='bbox 1119 3344 1228 3390; x_wconf 89' lang='lat' dir='ltr'><strong>omnes</strong></span> <span class='ocrx_word' id='word_1_251' title='bbox 1252 3324 1292 3389; x_wconf 87' lang='lat' dir='ltr'><strong>ad</strong></span> 
     </span>
     <span class='ocr_line' id='line_1_28' title="bbox 139 3432 585 3498; baseline 0.004 -2"><span class='ocrx_word' id='word_1_252' title='bbox 139 3432 250 3498; x_wconf 89' lang='lat' dir='ltr'><strong>domos</strong></span> <span class='ocrx_word' id='word_1_253' title='bbox 275 3452 352 3497; x_wconf 89' lang='lat' dir='ltr'><strong>suas</strong></span> <span class='ocrx_word' id='word_1_254' title='bbox 374 3436 585 3498; x_wconf 83' lang='lat' dir='ltr'><strong>reuertentur.</strong></span> 
     </span>
     <span class='ocr_line' id='line_1_29' title="bbox 182 3536 1346 3623; baseline -0.003 -18"><span class='ocrx_word' id='word_1_255' title='bbox 182 3540 250 3605; x_wconf 89' lang='lat' dir='ltr'><strong>Iam</strong></span> <span class='ocrx_word' id='word_1_256' title='bbox 280 3544 386 3605; x_wconf 90' lang='lat' dir='ltr'><strong>autem</strong></span> <span class='ocrx_word' id='word_1_257' title='bbox 416 3540 455 3603; x_wconf 90' lang='lat' dir='ltr'><strong>de</strong></span> <span class='ocrx_word' id='word_1_258' title='bbox 483 3538 545 3603; x_wconf 88' lang='lat' dir='ltr'><strong>alia</strong></span> <span class='ocrx_word' id='word_1_259' title='bbox 573 3539 623 3603; x_wconf 87' lang='lat' dir='ltr'><strong>die</strong></span> <span class='ocrx_word' id='word_1_260' title='bbox 652 3538 989 3623; x_wconf 83' lang='lat' dir='ltr'><strong>quinquagesimamm</strong></span> <span class='ocrx_word' id='word_1_261' title='bbox 1018 3557 1127 3603; x_wconf 86' lang='lat' dir='ltr'><strong>omnes</strong></span> <span class='ocrx_word' id='word_1_262' title='bbox 1150 3536 1346 3601; x_wconf 70' lang='lat' dir='ltr'><strong>ieiunantfi</strong></span> 
     </span>
     <span class='ocr_line' id='line_1_30' title="bbox 139 3645 1292 3728; baseline -0.001 -19"><span class='ocrx_word' id='word_1_263' title='bbox 139 3646 227 3711; x_wconf 81' lang='lat' dir='ltr'><strong>iuxta</strong></span> <span class='ocrx_word' id='word_1_264' title='bbox 250 3646 511 3711; x_wconf 87' lang='lat' dir='ltr'><strong>consuetudinem</strong></span> <span class='ocrx_word' id='word_1_265' title='bbox 536 3645 621 3709; x_wconf 91' lang='lat' dir='ltr'><strong>sicut</strong></span> <span class='ocrx_word' id='word_1_266' title='bbox 638 3648 707 3709; x_wconf 86' lang='lat' dir='ltr'><strong>toto</strong></span> <span class='ocrx_word' id='word_1_267' title='bbox 728 3664 819 3722; x_wconf 90' lang='lat' dir='ltr'><strong>anno,</strong></span> <span class='ocrx_word' id='word_1_268' title='bbox 839 3645 894 3728; x_wconf 90' lang='lat' dir='ltr'><strong>qui</strong></span> <span class='ocrx_word' id='word_1_269' title='bbox 912 3649 1007 3728; x_wconf 90' lang='lat' dir='ltr'><strong>prout</strong></span> <span class='ocrx_word' id='word_1_270' title='bbox 1024 3647 1142 3726; x_wconf 89' lang='lat' dir='ltr'><strong>potest,</strong></span> <span class='ocrx_word' id='word_1_271' title='bbox 1162 3648 1292 3726; x_wconf 81' lang='lat' dir='ltr'><strong>excepta</strong></span> 
     </span>
     <span class='ocr_line' id='line_1_31' title="bbox 97 3751 1289 3836; baseline 0.003 -25"><span class='ocrx_word' id='word_1_272' title='bbox 97 3774 122 3813; x_wconf 80' lang='lat' dir='ltr'><strong>ao</strong></span> <span class='ocrx_word' id='word_1_273' title='bbox 141 3752 190 3817; x_wconf 86' lang='lat' dir='ltr'><strong>die</strong></span> <span class='ocrx_word' id='word_1_274' title='bbox 217 3752 344 3817; x_wconf 87' lang='lat' dir='ltr'><strong>sabbati</strong></span> <span class='ocrx_word' id='word_1_275' title='bbox 371 3755 403 3817; x_wconf 86' lang='lat' dir='ltr'><strong>et</strong></span> <span class='ocrx_word' id='word_1_276' title='bbox 431 3752 597 3831; x_wconf 85' lang='lat' dir='ltr'><strong>dominica,</strong></span> <span class='ocrx_word' id='word_1_277' title='bbox 631 3772 693 3836; x_wconf 90' lang='lat' dir='ltr'><strong>qua</strong></span> <span class='ocrx_word' id='word_1_278' title='bbox 720 3772 895 3835; x_wconf 90' lang='lat' dir='ltr'><strong>numquam</strong></span> <span class='ocrx_word' id='word_1_279' title='bbox 920 3752 1081 3817; x_wconf 89' lang='lat' dir='ltr'><strong>ieiunatur</strong></span> <span class='ocrx_word' id='word_1_280' title='bbox 1106 3752 1139 3815; x_wconf 90' lang='lat' dir='ltr'><strong>iu</strong></span> <span class='ocrx_word' id='word_1_281' title='bbox 1167 3751 1289 3816; x_wconf 85' lang='lat' dir='ltr'><strong>hisdem</strong></span> 
     </span>
     <span class='ocr_line' id='line_1_32' title="bbox 139 3858 1292 3944; baseline -0.001 -22"><span class='ocrx_word' id='word_1_282' title='bbox 139 3858 229 3925; x_wconf 89' lang='lat' dir='ltr'><strong>locis.</strong></span> <span class='ocrx_word' id='word_1_283' title='bbox 270 3860 376 3924; x_wconf 85' lang='lat' dir='ltr'><strong>Etiam</strong></span> <span class='ocrx_word' id='word_1_284' title='bbox 404 3860 607 3943; x_wconf 89' lang='lat' dir='ltr'><strong>postmodum</strong></span> <span class='ocrx_word' id='word_1_285' title='bbox 641 3860 755 3925; x_wconf 87' lang='lat' dir='ltr'><strong>ceteris</strong></span> <span class='ocrx_word' id='word_1_286' title='bbox 784 3860 896 3925; x_wconf 87' lang='lat' dir='ltr'><strong>diebus</strong></span> <span class='ocrx_word' id='word_1_287' title='bbox 923 3860 970 3924; x_wconf 90' lang='lat' dir='ltr'><strong>ita</strong></span> <span class='ocrx_word' id='word_1_288' title='bbox 998 3859 1125 3944; x_wconf 83' lang='lat' dir='ltr'><strong>singula</strong></span> <span class='ocrx_word' id='word_1_289' title='bbox 1154 3861 1292 3943; x_wconf 87' lang='lat' dir='ltr'><strong>aguntur</strong></span> 
     </span>
    </p>
   </div>
   <div class='ocr_carea' id='block_1_3' title="bbox 147 4186 1291 4438">
    <p class='ocr_par' dir='ltr' id='par_1_3' title="bbox 147 4186 1291 4438">
     <span class='ocr_line' id='line_1_33' title="bbox 180 4186 1290 4259; baseline -0.005 -14"><span class='ocrx_word' id='word_1_290' title='bbox 180 4191 295 4245; x_wconf 72' lang='lat' dir='ltr'><strong>tetiam</strong></span> <span class='ocrx_word' id='word_1_291' title='bbox 315 4192 341 4243; x_wconf 84' lang='lat' dir='ltr'><strong><em>A</em></strong></span> <span class='ocrx_word' id='word_1_292' title='bbox 361 4193 390 4244; x_wconf 89' lang='lat' dir='ltr'><strong>et</strong></span> <span class='ocrx_word' id='word_1_293' title='bbox 407 4190 461 4243; x_wconf 89' lang='lat' dir='ltr'><strong>iam</strong></span> <span class='ocrx_word' id='word_1_294' title='bbox 479 4190 577 4259; x_wconf 69' lang='lat' dir='ltr'><strong>ampo·</strong></span> <span class='ocrx_word' id='word_1_295' title='bbox 595 4206 655 4243; x_wconf 75' lang='lat' dir='ltr'><strong>curn</strong></span> <span class='ocrx_word' id='word_1_296' title='bbox 676 4188 854 4243; x_wconf 80' lang='lat' dir='ltr'><strong>Cholodm&#39;ah</strong></span> <span class='ocrx_word' id='word_1_297' title='bbox 889 4187 1036 4243; x_wconf 76' lang='lat' dir='ltr'><strong>heandele</strong></span> <span class='ocrx_word' id='word_1_298' title='bbox 1050 4190 1077 4241; x_wconf 92' lang='lat' dir='ltr'><strong><em>A</em></strong></span> <span class='ocrx_word' id='word_1_299' title='bbox 1132 4186 1248 4241; x_wconf 85' lang='lat' dir='ltr'><strong>docente</strong></span> <span class='ocrx_word' id='word_1_300' title='bbox 1262 4187 1290 4240; x_wconf 98' lang='lat' dir='ltr'><strong><em>A</em></strong></span> 
     </span>
     <span class='ocr_line' id='line_1_34' title="bbox 147 4276 1291 4347; baseline -0.002 -16"><span class='ocrx_word' id='word_1_301' title='bbox 147 4278 372 4335; x_wconf 82' lang='lat' dir='ltr'><strong>SmartiriumA</strong></span> <span class='ocrx_word' id='word_1_302' title='bbox 454 4280 487 4333; x_wconf 84' lang='lat'><strong>10</strong></span> <span class='ocrx_word' id='word_1_303' title='bbox 506 4278 639 4333; x_wconf 88' lang='lat' dir='ltr'><strong>baluisA</strong></span> <span class='ocrx_word' id='word_1_304' title='bbox 723 4280 755 4331; x_wconf 82' lang='lat'><strong>15</strong></span> <span class='ocrx_word' id='word_1_305' title='bbox 775 4277 923 4347; x_wconf 86' lang='lat' dir='ltr'><strong>antiphone</strong></span> <span class='ocrx_word' id='word_1_306' title='bbox 942 4277 970 4330; x_wconf 92' lang='lat' dir='ltr'><strong><em>A</em></strong></span> <span class='ocrx_word' id='word_1_307' title='bbox 1049 4278 1082 4332; x_wconf 88' lang='lat'><strong>16</strong></span> <span class='ocrx_word' id='word_1_308' title='bbox 1100 4276 1193 4330; x_wconf 86' lang='lat' dir='ltr'><strong>fietA</strong></span> <span class='ocrx_word' id='word_1_309' title='bbox 1212 4276 1244 4329; x_wconf 89' lang='lat' dir='ltr'><strong>fit</strong></span> <span class='ocrx_word' id='word_1_310' title='bbox 1262 4278 1291 4329; x_wconf 91' lang='lat' dir='ltr'><strong>et</strong></span> 
     </span>
     <span class='ocr_line' id='line_1_35' title="bbox 147 4367 821 4438; baseline -0.003 -17"><span class='ocrx_word' id='word_1_311' title='bbox 147 4369 240 4438; x_wconf 80' lang='lat' dir='ltr'><strong>scripsi</strong></span> <span class='ocrx_word' id='word_1_312' title='bbox 258 4386 318 4423; x_wconf 84' lang='lat' dir='ltr'><strong>cum</strong></span> <span class='ocrx_word' id='word_1_313' title='bbox 340 4368 518 4423; x_wconf 77' lang='lat' dir='ltr'><strong>Cholodm&#39;oh</strong></span> <span class='ocrx_word' id='word_1_314' title='bbox 573 4370 605 4422; x_wconf 88' lang='grc'><strong>19</strong></span> <span class='ocrx_word' id='word_1_315' title='bbox 626 4367 774 4437; x_wconf 86' lang='lat' dir='ltr'><strong>antiphone</strong></span> <span class='ocrx_word' id='word_1_316' title='bbox 794 4370 821 4419; x_wconf 90' lang='lat' dir='ltr'><strong><em>A</em></strong></span> 
     </span>
    </p>
   </div>
   <div class='ocr_carea' id='block_1_4' title="bbox 0 0 1568 4942">
    <p class='ocr_par' dir='ltr' id='par_1_4' title="bbox 0 0 1568 4942">
     <span class='ocr_line' id='line_1_36' title="bbox 0 0 1568 4942; baseline 0 0"><span class='ocrx_word' id='word_1_317' title='bbox 0 0 1568 4942; x_wconf 95' lang='lat' dir='ltr'><strong> </strong></span> 
     </span>
    </p>
   </div>
  </div>
 </body>
</html>
