3125 4942
220 1205 335 1287 Incipit
370 1206 521 1289 prologus
558 1205 646 1272 Petri
684 1206 807 1273 diaconi
840 1207 1022 1273 casinensis
1060 1208 1099 1271 ad
1132 1206 1327 1273 Guibaldum

180 1309 380 1376 Casinensem
405 1316 437 1377 et
457 1310 676 1377 Stabuleusem
702 1312 850 1379 abbatem
873 1313 905 1377 in
928 1314 1010 1378 libro
1034 1313 1073 1378 de
1095 1314 1176 1379 loeis
1200 1314 1328 1379 sanctis.

222 1417 357 1483 Domino
391 1437 449 1483 suo
484 1437 520 1484 ac
538 1420 629 1503 ,patri
657 1419 690 1483 in
719 1416 846 1485 Christo
873 1419 1059 1494 uenerabili¹
1076 1420 1246 1499 Guibsldo,
1279 1419 1329 1484 dei

181 1524 278 1608 gratia
307 1523 388 1588 sacri
413 1522 519 1589 Casini
542 1524 658 1591 montis
688 1524 805 1599 abbati,
833 1525 949 1591 Petrus
974 1525 1155 1591 Casinensis
1180 1527 1329 1591 diaeonus

155 1630 304 1699 sdebitae
329 1630 524 1695 obedientiae
548 1630 749 1697 famulatum.

225 1735 348 1816 Quanto
378 1738 561 1822 cupiditatis
589 1738 673 1823 igne,
701 1740 793 1819 pater
819 1738 851 1802 in
876 1738 1003 1805 Christo
1031 1739 1219 1818 uenerande,
1247 1758 1330 1804 exar-

181 1844 274 1909 serim
309 1862 345 1909 ac
381 1845 467 1929 qrroli
493 1847 653 1927 quantoue
681 1845 848 1923 desidente,
877 1849 915 1910 ut
940 1861 1000 1911 uos
1029 1846 1227 1929 omnipotens
1251 1845 1331 1910 deus

181 1948 219 2013 da
242 1949 384 2017 aduersis
405 1952 549 2034 eriperet,
574 1952 799 2035 exoptauerim,
823 1952 929 2034 ipsum
948 1952 1043 2017 deum
1065 1952 1180 2017 inuoco
1202 1955 1330 2028 testem,

181 2074 274 2137 quem
302 2057 419 2122 mentis
449 2058 565 2136 abdita,
599 2078 692 2141 quem
722 2058 933 2125 conscientiae
962 2058 1088 2125 occulta
1115 2076 1176 2124 nou
1204 2058 1330 2134 feliunt,

140 2196 163 2233 n
183 2164 236 2247 qui
260 2166 292 2228 et
316 2164 354 2228 de
377 2164 457 2246 ipsis
481 2165 576 2229 animi
601 2166 741 2231 motibus
762 2165 887 2248 generis
910 2166 1028 2229 arbiter
1046 2165 1186 2231 ereditur
1202 2167 1331 2231 futurus

182 2271 321 2336 humaui.
357 2270 419 2336 Sed
443 2272 518 2354 quia
539 2272 628 2337 iuxta
651 2273 822 2357 propbetas
845 2272 987 2357 elogium
1010 2272 1048 2336 in
1072 2292 1189 2336 manu
1212 2272 1332 2338 homi-

179 2397 271 2442 num
296 2397 370 2443 non
395 2382 459 2443 est
482 2378 549 2443 uia
568 2378 668 2454 eius,
693 2396 765 2445 nee
783 2378 830 2443 ab
852 2378 1023 2453 homine,
1048 2378 1154 2443 sed-a
1172 2378 1330 2444 domino

179 2502 348 2567 gressus
372 2484 549 2549 hominis
574 2484 822 2570 diriguntur,
851 2485 969 2551 nestris
996 2484 1029 2549 id
1052 2484 1245 2549 facinoribus
1268 2484 1330 2548 exi-

177 2590 328 2674 gentibus
357 2609 417 2655 non
447 2594 497 2655 est
524 2590 653 2667 factum,
688 2590 771 2673 quod
800 2591 939 2655 humane
968 2590 1105 2655 auiditas
1135 2591 1329 2673 concupiuit,

136 2722 159 2761 n
178 2698 232 2763 sed
266 2716 347 2780 quae
381 2696 459 2762 deus
488 2698 605 2763 arbiter
631 2697 754 2763 meritis
783 2696 930 2761 humanis
960 2700 1137 2781 competere
1160 2697 1330 2771 iudicauit;

177 2824 248 2867 nam
287 2822 359 2868 oum
398 2804 539 2869 omnium
572 2822 742 2887 prauorum
781 2808 946 2889 grassante
978 2804 1143 2887 impietate
1177 2804 1331 2869 eeclesiae

177 2910 226 2975 dei
260 2913 365 2975 status
399 2909 516 2975 cotidie
548 2910 734 2975 labefactari
763 2914 909 2976 cernatur
933 2914 965 2976 et
987 2910 1062 2986 fere,
1086 2912 1193 2976 etita
1216 2911 1329 2988 dicam,

176 3017 284 3082 nullus
309 3016 462 3082 aduersus
490 3036 544 3081 ees
569 3016 709 3101 insurgit
731 3035 787 3100 pro
812 3017 905 3081 domo
928 3016 1051 3081 Israhel
1075 3016 1191 3099 partim
1213 3036 1331 3094 amore,

166 3123 290 3208 partim
319 3124 434 3188 timore
462 3122 673 3187 saecularium
701 3126 911 3207 potestatum:
941 3123 1060 3189 idcireo
1089 3126 1244 3207 augustae
1268 3143 1330 3188 me-

131 3254 158 3297 so
175 3230 294 3295 moriae
323 3229 470 3295 dominus
503 3234 611 3294 noster
638 3230 809 3313 imperator
845 3229 1014 3296 Lothanius
1050 3233 1192 3295 uestram
1233 3230 1331 3295 beati·

166 3335 319 3401 tudinem
347 3336 378 3401 in
404 3335 569 3402 Cosinensi
598 3336 727 3401 cenobio
757 3336 906 3402 abbatem
933 3336 1085 3411 instituit,
1115 3340 1222 3412 ntea,
1250 3354 1331 3418 quae

175 3443 213 3507 ad
230 3444 458 3508 consutionem
478 3444 633 3507 malorum
650 3446 682 3507 et
701 3444 838 3509 salutem
857 3443 1012 3508 bonorum
1029 3442 1174 3521 attinent,
1187 3442 1330 3507 sollicite

174 3569 210 3615 ac
234 3548 406 3633 diligenter
432 3552 642 3632 pertractares
673 3552 705 3615 et
728 3549 896 3615 effrenatos
919 3550 1091 3614 refrenares
1115 3567 1152 3612 ac
1176 3548 1330 3631 superbos

173 3654 373 3733 humiliares,
398 3660 556 3738 quatenus
574 3661 760 3740 recuperata
785 3656 908 3721 iustitia
927 3659 961 3721 et
981 3658 1159 3721 restaurata
1176 3655 1330 3739 religione

130 3786 154 3826 aa
173 3764 286 3828 coetus
320 3762 556 3829 ecclesiasticus
588 3763 649 3828 sibi
681 3763 767 3828 iuste
797 3782 834 3827 ac
860 3762 1108 3827 misericorditer
1140 3761 1259 3826 seruire
1293 3780 1328 3825 ao

172 3888 229 3951 pre
250 3869 384 3934 Romani
403 3869 527 3953 imperii
547 3872 633 3935 statu
658 3869 708 3934 dei
733 3869 959 3951 omnipotentis
983 3868 1182 3933 clementiam
1204 3886 1328 3933 exorare

172 3981 277 4059 queat.
318 3974 408 4040 Unde
432 3996 492 4041 non
516 3975 675 4041 immerito
699 3976 737 4041 ab
763 3976 911 4042 omnibus
938 3974 1046 4059 probis
1070 3994 1106 4040 ae
1129 3974 1326 4059 sapientibus
1398 4031 1400 4034 .

266 4168 296 4221 11
318 4166 413 4221 Ierem.
435 4167 477 4229 10,
496 4168 532 4221 23
588 4168 622 4221 12
640 4166 769 4221 Prouerb.
789 4167 833 4235 20,
853 4168 887 4221 24

210 4289 406 4361 ldyoconiO
444 4290 569 4345 acesto
592 4289 672 4345 esic
689 4306 794 4361 semper
838 4288 1056 4361 tdyacenusO
1092 4290 1125 4345 16
1144 4287 1327 4346 crassanteO

174 4382 317 4448 massueto
339 4378 507 4433 domuerint
