3125 4942
631 435 877 490 Ademnanus
1259 442 1321 506 251

177 649 232 714 per
245 631 365 696 uitreas
380 632 591 696 fenestrarum
609 633 722 697 ualuas
742 631 961 698 habundanter
980 633 1081 698 effusa
1098 654 1189 701 mons
1205 633 1325 700 Oliueti

177 755 237 800 non
261 737 366 802 solum
389 735 582 815 inluminari,
603 736 658 802 sed
682 737 777 802 etiem
803 737 910 802 ardere
932 741 1021 804 totus
1045 739 1173 806 uidetur
1195 745 1326 824 totaque

177 842 293 908 ciuitas
315 843 478 908 inlustrari
501 843 532 908 in
556 843 725 910 humiliore
749 848 782 910 et
804 845 910 913 uicino
934 845 997 910 sita
1018 847 1099 912 loco.

226 1051 308 1106 xxv.
327 1052 376 1106 nn
396 1051 606 1108 sununsunc
626 1053 757 1108 consur
775 1054 822 1108 nn
841 1053 1014 1110 sconssrn
1034 1055 1149 1110 surus
1166 1056 1276 1110 rnnrn

149 1169 160 1206 ⁵
635 1143 867 1200 nnnrsrcsm.

222 1267 373 1333 Arcullus
387 1271 568 1333 sanctorum
584 1273 939 1352 supramemoratorum
954 1270 1169 1352 frequentator
1185 1272 1327 1336 locorum

181 1373 334 1455 quendam
357 1375 531 1440 Bethaniae
555 1375 737 1459 campulum
762 1396 878 1461 magna
902 1377 1060 1443 oliuarum
1084 1379 1168 1444 silua
1196 1379 1329 1443 choum·

180 1479 287 1546 datum
313 1482 470 1547 uisitauit.

340 1673 436 1727 XXVI.
456 1673 505 1728 DE
524 1673 760 1730 MONASTERIO
780 1674 899 1728 EIDEM
917 1674 1173 1730 ADHAEREN'IE.

141 1829 164 1866 ιο
224 1799 288 1865 Ubi
320 1799 435 1884 grande
467 1801 551 1866 inest
582 1801 809 1866 monesterium
841 1803 875 1866 et
906 1802 1034 1885 grandis
1066 1801 1199 1867 basilica
1236 1822 1332 1886 supra

181 1904 268 1970 illam
296 1906 465 2022 ³aedificate
496 1909 689 1992 speluncam,
723 1906 761 1973 de
799 1927 861 1991 qua
887 1908 1046 1974 Dominus
1079 1909 1330 1990 quadriduanum

181 2015 341 2078 mortuum
365 2015 535 2079 suscitauit
556 2015 718 2080 Lazarum.

109 2201 111 2206 Ι
230 2221 340 2276 XXVII.
360 2221 409 2275 DE
427 2221 603 2277 ECCLESIA
621 2221 670 2276 AD
690 2222 890 2276 DEXTIIRAM
908 2222 1120 2277 BETHANIAE
1139 2222 1287 2277 PARTEM

635 2309 880 2366 CONSTRVCTA.

140 2475 162 2512 n
226 2437 273 2502 De
311 2438 374 2504 elia
410 2437 580 2502 celebriore
618 2438 753 2503 ecclesie
786 2438 825 2502 ad
858 2439 1028 2504 australem
1060 2437 1233 2503 Bethaniae
1264 2458 1333 2521 par-

181 2547 246 2610 tem
274 2544 305 2610 in
335 2563 372 2610 eo
401 2545 517 2610 montis
546 2541 666 2610 Oliueti
693 2546 763 2610 loco
791 2545 933 2620 fundata,
962 2545 993 2609 in
1018 2564 1080 2627 quo
1110 2545 1266 2610 Dominus
1293 2545 1333 2610 ad

182 2651 356 2734 discipulos
394 2651 544 2716 habuisse
582 2669 759 2717 sermonem
796 2650 922 2729 dieitur,
955 2650 1095 2714 breuiter
1131 2651 1333 2715 scribendum

181 2759 380 2824 arbitramur.
421 2758 503 2823 Hinc
535 2777 597 2823 non
632 2759 835 2843 neglegenter
866 2758 1088 2839 inquirendum
1118 2762 1177 2836 est,
1205 2758 1332 2840 qualem
1445 2795 1450 2805 ·

181 2885 359 2932 sennonem
392 2869 425 2930 et
457 2884 519 2948 quo
553 2867 694 2948 tempore
726 2865 779 2930 uel
812 2864 852 2929 ad
883 2884 962 2948 quas
995 2865 1150 2947 speciales
1181 2883 1332 2948 personas

139 3003 163 3040 20
181 2973 410 3058 discipulorum
427 2972 584 3038 Dominus
603 2975 647 3038 sit
664 2973 802 3037 locutus.
822 2969 910 3050 Quae
925 2972 995 3050 trie,
1011 2973 1039 3036 si
1057 2971 1154 3036 trium
1171 2970 1334 3054 euangelia

182 3080 373 3163 scriptorum
401 3079 520 3162 operire
543 3078 752 3156 uoluerimus,
776 3077 946 3156 Matthaei·
967 3078 1077 3156 Marci,
1103 3079 1217 3155 Lucae,
1240 3078 1332 3142 nobis

180 3187 347 3252 manifeste
380 3185 554 3262 clarebunt,
588 3186 643 3268 qui
676 3185 713 3250 de
746 3185 901 3250 sermonis
939 3184 1092 3267 qualitate
1131 3183 1332 3248 concinentes

180 3295 369 3378 loquentum
395 3293 432 3358 de
463 3292 533 3358 loco
562 3293 664 3374 ipsius
690 3291 908 3358 conuentionis
931 3309 1023 3356 nemo
1048 3289 1192 3355 dubitare
1215 3291 1334 3373 poterit

216 3549 229 3603 l
249 3547 429 3602 fenestrarum
448 3563 500 3604 coc.
518 3547 561 3600 Br
579 3547 744 3601 finistrarum
763 3545 792 3598 P
861 3544 957 3598 ualbas
976 3545 1004 3597 P
1020 3543 1106 3597 uallas
1125 3543 1153 3597 Z
1227 3541 1331 3600 habun-

181 3637 277 3692 dant-er
291 3642 430 3705 aporema
443 3639 470 3690 2.
485 3653 519 3688 m.
536 3636 554 3691 l.
568 3635 586 3688 h
602 3635 629 3688 Z
682 3637 698 3689 3
718 3635 807 3688 uiolne
819 3634 860 3687 Br
918 3633 979 3687 loce
993 3649 1062 3687 corr.
1078 3635 1106 3686 2.
1120 3650 1155 3688 m.
1170 3632 1276 3686 exloco
1290 3631 1333 3685 Br

130 3759 133 3766 ·
180 3729 197 3780 4
218 3725 308 3780 XXIV
331 3725 360 3779 Y
379 3725 495 3779 XXVIII
514 3729 539 3778 et
557 3723 687 3778 XXVIIII
705 3723 749 3777 Br
767 3723 866 3778 titulus
885 3722 957 3776 deest
975 3722 1003 3775 Z
1024 3721 1057 3774 de
1077 3721 1219 3790 sepulchro
1237 3721 1332 3774 Lazari

180 3817 318 3884 hucusque
341 3814 440 3868 idacius
461 3813 492 3867 in
510 3813 569 3866 ΡΥ
590 3813 705 3868 XXVIII
729 3813 771 3866 De
795 3811 938 3881 sepulchro
957 3811 1053 3865 Lazari
1072 3813 1100 3864 et
1118 3808 1234 3864 ecclesia
1252 3825 1333 3878 super

180 3905 248 3959 illud
268 3907 431 3958 constructe.
452 3901 583 3956 XXVIIII
600 3903 642 3956 De
657 3901 823 3956 monasterio
838 3901 926 3954 eidem
941 3900 1089 3954 adherente
1102 3899 1145 3952 Br
1199 3899 1215 3952 9
1235 3897 1334 3950 titulus

181 3995 254 4048 deest
270 3993 303 4046 s'n
321 3991 467 4054 codicibus,
487 3989 536 4044 sed
551 3991 619 4044 PBr
637 3990 749 4044 insilirem
769 3990 871 4058 capitis
888 4005 1001 4042 numero
1019 3989 1051 4041 ἐκ
1069 3987 1194 4055 marqine
1212 3986 1333 4054 compto

180 4084 364 4152 uocauerunt
429 4080 458 4134 ll
481 4079 690 4150 quatriduanum
715 4079 785 4132 YBr
858 4080 891 4132 13
909 4077 982 4131 XXV
1006 4077 1035 4130 Υ
1050 4075 1137 4129 XXVI
1156 4076 1183 4129 Z
1200 4075 1273 4128 XXX
1291 4074 1334 4127 Br

182 4171 279 4225 titulato
298 4175 407 4224 tuntum
425 4169 457 4222 ic
474 4169 518 4224 Br
573 4169 605 4222 17
626 4167 773 4236 discipulos
792 4185 855 4222 snos
874 4167 917 4220 Br
971 4167 1006 4220 20
1025 4164 1229 4234 euangeliorum
1247 4163 1332 4231 scrip·

182 4263 252 4314 tores
276 4257 305 4311 Y
381 4259 413 4312 21
435 4257 538 4312 mathei
557 4258 607 4323 (sic
624 4262 737 4326 smper)
758 4257 837 4312 codd.
855 4255 994 4310 matheum
1013 4271 1132 4308 mercum
1152 4253 1239 4306 lucam
1264 4251 1333 4304 I'Br

181 4349 215 4402 22
235 4346 351 4402 risnelli
367 4346 410 4400 Br
500 4345 693 4410 concinnentes
711 4343 770 4398 ΡΥ
787 4344 959 4396 continentes
978 4341 1021 4396 Br
1092 4341 1127 4393 28
1145 4339 1272 4394 locuntur
1290 4339 1332 4391 Br
