3125 4942
459 444 486 499 S.
515 442 669 498 Siluiae
696 442 979 513 peregrinatio
1253 445 1292 509 57

142 642 222 707 bene
245 641 433 715 instructus,
453 638 486 703 id
505 642 564 715 est,
590 638 645 721 qni
667 637 729 719 ipsi
752 638 822 703 loco
842 640 985 720 praeerat
1003 656 1039 701 ex
1057 636 1222 711 monacho,
1243 635 1294 701 oui

142 748 329 831 presbytero
341 749 373 811 et
383 746 524 829 episcopi
538 744 678 827 plurimi,
694 750 846 826 quantum
857 743 1062 826 postmodum
1073 743 1293 828 cognouimus,

142 856 229 919 uitae
257 854 361 937 ipsius
389 852 609 917 testimonium
637 850 754 936 grande
782 850 935 927 ferebant,
967 870 1040 914 narn
1068 851 1129 915 hoc
1157 850 1195 914 de
1223 850 1293 932 ipso

142 960 302 1037 dicebant,
326 960 440 1045 dignus
464 959 519 1041 qni
542 959 662 1042 praesit
683 957 715 1022 in
739 958 799 1022 boo
823 958 905 1037 loco,
930 956 984 1021 nbi
1010 960 1139 1021 sanctus
1162 957 1295 1023 Melchi-

111 1092 123 1129 s
142 1068 260 1133 sedech
281 1067 499 1132 aduenientem
520 1068 664 1131 sanctum
679 1064 816 1129 Abraam
834 1064 956 1129 hostias
971 1063 1038 1129 Deo
1058 1083 1154 1147 puras
1172 1064 1294 1146 prImns

143 1175 278 1257 optulit:
299 1193 370 1239 cum
390 1193 464 1257 ergo
484 1172 771 1247 descendissem,
788 1174 826 1235 ut
843 1171 990 1253 superius
1010 1170 1083 1248 diri,
1103 1171 1295 1236 deecclesia

142 1282 304 1360 deorsum,
338 1282 383 1345 ait
415 1282 506 1347 noble
545 1281 615 1364 ipse
648 1282 778 1343 sanctus
811 1278 992 1361 presbyter:
1027 1296 1099 1343 ecce
1130 1278 1194 1343 ista
1225 1279 1294 1343 fun-

141 1387 292 1453 damenta
310 1389 341 1453 in
361 1388 429 1473 giro
446 1387 594 1453 colliculo
614 1386 687 1451 isto.
709 1403 788 1469 quae
802 1384 931 1464 uidetis,
951 1386 1010 1449 hae
1029 1388 1105 1450 sont
1118 1385 1156 1450 de
1174 1385 1293 1468 palatio

140 1495 227 1580 regis
251 1494 497 1561 Melchisedech.
526 1494 608 1559 Nam
630 1492 705 1557 inde
730 1492 833 1557 adhuc
857 1491 904 1555 sio
927 1492 955 1556 si
979 1492 1051 1574 quis
1076 1492 1183 1557 sabito
1206 1492 1294 1558 iuxta

96 1626 121 1662 ro
140 1601 205 1665 sibi
232 1601 306 1666 nult
332 1602 434 1667 facere
458 1601 590 1688 domum
614 1603 646 1664 et
668 1598 875 1664 fundamenta
896 1598 968 1663 inde
993 1599 1144 1683 contiget,
1173 1600 1293 1682 aliquo·

138 1707 224 1771 tiens
246 1711 277 1773 et
300 1707 339 1772 de
362 1711 492 1791 argento
517 1710 550 1771 et
573 1707 750 1771 aeramento
774 1705 901 1770 modica
923 1705 1070 1771 frustella
1091 1706 1137 1771 ibi
1159 1706 1291 1771 inuenit.

137 1814 223 1877 Nam
244 1832 317 1879 ecce
335 1814 399 1879 ista
414 1814 477 1891 uia,
493 1832 587 1896 quam
603 1812 720 1877 uidetis
735 1812 868 1876 transire
883 1812 965 1876 Inter
978 1812 1113 1876 fluuium
1128 1812 1292 1877 Iordanem
1325 1816 1345 1878 3

139 1924 173 1985 ct
193 1920 302 1985 nicom
321 1920 431 1998 istum,
451 1920 528 1985 haec
545 1924 671 2002 estque
689 1918 743 1983 uia
761 1937 927 2002 regressus
942 1921 993 1983 est
1011 1921 1139 1983 sanctas
1155 1918 1292 1983 Abraam

139 2027 179 2091 de
210 2026 304 2091 caede
329 2026 572 2110 Codollagomor
598 2024 683 2109 regis
711 2026 856 2109 gentium
886 2028 1049 2089 reuertens
1077 2024 1107 2089 in
1132 2024 1291 2102 Sodomis,

96 2157 120 2196 rs
139 2152 206 2215 qua
229 2132 257 2197 ei
282 2133 418 2199 occurrit
442 2136 572 2197 sanctus
595 2130 831 2197 Melchisedech
855 2150 908 2195 rer
932 2130 1049 2197 Salem.

185 2238 274 2303 Tunc
299 2257 372 2322 ergo
393 2239 467 2321 quia
489 2239 664 2303 retinebam
683 2238 839 2320 scriptum
859 2255 928 2303 esse
947 2236 1126 2303 babtizasse
1145 2242 1290 2303 sanctum
1303 2241 1344 2305 lb

136 2346 315 2411 Iohannem
329 2346 360 2409 in
370 2346 456 2410 Enon
472 2345 559 2409 iuxta
573 2344 683 2421 Satin,
698 2344 853 2426 requisiui
869 2343 907 2408 de
922 2363 969 2421 eo,
987 2362 1082 2427 quam
1095 2343 1189 2427 longe
1205 2348 1290 2408 esset

137 2452 210 2535 ipse
232 2451 334 2518 locus.
359 2451 447 2516 Tunc
467 2451 584 2515 altillo
605 2454 734 2517 sanctus
752 2450 933 2535 presbyter:
953 2469 1025 2516 ecce
1044 2450 1097 2515 hio
1116 2452 1215 2516 estin
1234 2451 1290 2515 du-

138 2557 244 2623 centis
258 2558 422 2641 passibus3
438 2576 510 2622 nam
526 2558 553 2623 si
566 2557 628 2636 nis,
638 2576 711 2622 ecoe
723 2557 818 2623 modo
829 2556 963 2641 pedibus
975 2556 1055 2622 duco
1070 2576 1130 2622 uos
1141 2557 1197 2625 ibi.
1208 2557 1236 2622 N
1240 2577 1289 2622 am

93 2690 118 2728 ao
137 2665 221 2729 haec
240 2667 406 2747 aquatam
425 2664 551 2750 grandis
572 2668 604 2729 et
621 2668 688 2729 tam
710 2684 801 2747 pura,
821 2682 915 2745 qnam
934 2663 1052 2729 uidetis
1071 2664 1102 2727 in
1120 2665 1183 2729 isto
1207 2666 1290 2742 nico,

138 2770 178 2835 de
213 2771 284 2853 Ipso
316 2770 403 2836 fonte
432 2772 529 2836 uenit.
576 2771 665 2836 Tune
694 2789 768 2855 ergo
798 2770 916 2855 gratias
949 2770 978 2835 ei
1010 2790 1103 2855 agere
1137 2772 1227 2854 coepi
1260 2776 1293 2837 et
1325 2777 1345 2837 2

137 2896 263 2961 rogare,
287 2879 326 2942 ut
348 2877 477 2942 duceret
499 2896 556 2941 nos
581 2876 760 2955 adimam,
785 2876 871 2941 sicut
894 2879 926 2941 et
947 2876 1069 2943 factum
1093 2881 1152 2942 est.
1177 2878 1292 2944 Statim

138 3002 216 3056 creo
237 2983 399 3065 meaos
420 2983 464 3047 ire
484 3002 557 3050 oum
577 3004 613 3048 eo
638 2981 773 3066 pedibus
793 2986 898 3048 totum
920 3001 977 3065 per
999 2982 1115 3047 uallem
1139 2985 1292 3049 amoenis·

137 3092 267 3168 simam,
293 3091 391 3155 donec
411 3091 648 3174 perueniremus
667 3108 770 3171 nsque
791 3090 829 3154 ad
853 3090 980 3153 hortum
1002 3088 1179 3171 pomarium
1197 3090 1292 3156 ualde

92 3223 118 3264 rs
137 3216 320 3275 amoenum,
349 3196 405 3260 ubi
429 3197 568 3262 ostendit
590 3196 680 3261 nobis
703 3196 735 3261 in
759 3195 864 3261 medio
888 3196 1007 3260 fontem
1031 3214 1130 3277 aquae
1154 3197 1291 3279 optimae

136 3303 221 3368 satis
242 3307 274 3367 et
292 3322 400 3385 purae,
416 3303 470 3385 qni
490 3322 508 3367 a
528 3303 626 3368 semel
644 3304 804 3387 Integrum
823 3302 957 3366 fluuium
977 3302 1169 3368 dimittebat.
1187 3302 1292 3367 Habe-

136 3411 198 3475 bat
226 3412 334 3474 autam
357 3414 429 3475 ante
453 3429 486 3475 se
510 3409 579 3493 ipse
602 3410 674 3476 foas
699 3410 792 3493 qnasi
814 3409 930 3486 lacum,
959 3408 1014 3472 nbi
1037 3410 1169 3492 parebat
1190 3409 1290 3475 fnisse

137 3519 309 3598 operatum
333 3518 477 3583 sanctum
496 3516 667 3582 Iohannem
691 3516 875 3599 baptistam.
899 3514 1086 3580 Tuncdi1it
1108 3516 1199 3581 nobis
1221 3516 1290 3598 ipse
1323 3514 1343 3575 3

136 3624 273 3687 sanctus
301 3624 479 3705 presbyter:
507 3622 537 3686 in
566 3621 660 3687 hodie
688 3621 739 3686 hic
768 3623 879 3687 hortus
904 3622 996 3685 aliter
1022 3640 1083 3687 non
1113 3622 1292 3705 appellatur

234 3849 268 3902 14
287 3848 320 3903 cf.
341 3847 407 3903 Gen.
429 3850 471 3911 14,
493 3850 504 3902 l
563 3851 596 3903 17
616 3848 650 3904 cl.
669 3848 727 3903 Ich.
746 3850 771 3912 3,
792 3849 827 3903 23

176 3964 361 4054 3ferebth
412 3998 482 4054 bad
500 3999 696 4053 uenientemA
747 3976 976 4054 9dnclchisedech
993 3980 1109 4069 ”regione
1128 4016 1187 4053 cum
1203 4000 1289 4070 signis

137 4088 363 4157 bansposilionis
420 4088 450 4143 11
467 4087 625 4141 heramento
639 4088 666 4141 A
724 4088 756 4141 12
776 4090 804 4141 ct
823 4090 893 4141 certe
913 4088 940 4141 A
959 4104 1020 4141 ecce
1038 4088 1093 4141 ista
1110 4090 1210 4157 acropas'
1222 4106 1288 4157 pro·

137 4179 227 4233 eante
245 4178 391 4231 Bernardo
439 4178 472 4231 14
491 4178 555 4231 cede
574 4178 600 4231 A
657 4176 727 4247 quod
747 4177 897 4247 ollagornor
914 4178 941 4231 A
986 4179 1019 4231 al
1041 4180 1100 4249 cepi
1119 4180 1147 4232 A
1191 4180 1226 4233 23
1245 4196 1288 4233 ce-

136 4268 231 4340 pimus
250 4267 277 4319 A
340 4266 539 4321 amenissImam
557 4268 584 4320 A
638 4268 673 4321 25
693 4283 816 4321 amenum
835 4267 862 4319 A
923 4267 1024 4337 optime
1042 4265 1070 4323 A
1123 4268 1289 4338 separer

138 4356 208 4427 quia
227 4354 312 4409 semel
331 4356 358 4408 A
432 4355 478 4423 qni
498 4370 513 4408 a
531 4357 618 4408 semet
639 4353 806 4409 Gomorrini
824 4356 863 4420 (1)
884 4354 930 4424 qui
950 4370 965 4408 a
983 4354 1067 4408 sernel
1084 4356 1184 4425 scripsi
