3125 4942
580 468 799 541 Praelatio.
1186 467 1263 532 XXI

123 663 368 748 interpolationis
394 664 571 747 exemplum
590 663 720 745 praebet
740 663 814 738 144,
834 663 869 726 9:
892 681 990 724 aomo
1009 659 1262 745 (monasterium)

123 776 162 836 ast
187 771 349 853 relipiomis
377 769 604 836 Wandalorum
631 773 660 834 et
686 769 777 832 aliud
799 763 1024 854 Rornanorum]
1052 787 1151 830 ansam
1171 765 1263 830 relia-

122 897 225 941 saram
249 875 437 942 ancillarum
459 877 511 941 dei
534 881 563 940 et
586 876 684 940 ab'am
707 880 753 940 est
773 873 1003 939 manachorum.

162 982 327 1068 Optimum
355 983 486 1049 alterius
514 983 653 1048 familias
682 981 860 1065 exemplum
885 983 934 1046 est
957 981 1053 1046 codex
1078 979 1316 1062 Guelferby-(}

122 1095 209 1156 tanus
234 1089 467 1176 (Weihenburg
486 1091 542 1173 99)
566 1109 595 1173 p.
619 1090 791 1154 144-151
815 1107 894 1153 saec.
913 1087 969 1152 IX.
992 1086 1120 1152 Desinit
1137 1106 1167 1168 p.
1187 1085 1262 1162 149,

123 1199 140 1261 9
166 1216 237 1262 cum
266 1198 424 1263 uocabulo
445 1203 578 1278 propter
599 1215 663 1261 uno
688 1195 764 1260 folio
790 1195 943 1259 abscisso.
980 1191 1262 1258 decoratissimam

122 1305 209 1368 huius
249 1305 370 1370 codicis
408 1304 610 1370 collationem
649 1303 687 1366 ab
720 1301 837 1369 Ottons
870 1301 908 1366 do
940 1301 1138 1365 Heinemann
1173 1298 1263 1363 illius

121 1411 327 1478 bibliothecae
368 1410 528 1495 praefecto
571 1411 748 1475 conlectam
786 1408 967 1494 publicauit
1001 1405 1150 1472 Molinier
1188 1405 1262 1472 ltin.

122 1540 148 1601 p.
169 1520 286 1598 XXIV,
311 1539 373 1603 qua
397 1519 492 1584 etiam
516 1518 547 1583 in
571 1518 631 1583 hac
653 1517 834 1583 recensione
858 1535 937 1582 usus
961 1535 1043 1580 sum.

162 1625 267 1692 Simili
291 1626 457 1691 affinitatis
481 1625 621 1700 uinculo,
646 1627 741 1708 atque
760 1623 790 1687 V
808 1642 881 1688 eum
904 1622 962 1686 PH
986 1621 1141 1698 cohaeret,
1165 1619 1262 1685 codex

122 1731 159 1796 W
181 1751 255 1797 aum
289 1731 317 1798 G
348 1733 537 1798 coniunctus
571 1735 629 1807 est,
655 1731 717 1796 nisi
744 1729 830 1813 quod
856 1728 1114 1812 interpolationes
1142 1727 1315 1802 codicisw

122 1839 159 1902 W
177 1840 274 1903 etiam
293 1840 397 1904 multo
420 1839 523 1922 magis
546 1838 732 1903 temerariae
752 1840 837 1902 sunt.
861 1837 955 1902 Hunc
974 1834 1114 1900 codicem
1133 1835 1261 1900 Wesoo·

121 1945 339 2023 brennensem,
358 1963 442 2011 nunc
460 1945 673 2011 bibliothecae
691 1945 799 2028 regiae
812 1943 1014 2008 Monacensis
1029 1943 1149 2020 22053,
1165 1960 1191 2006 s.
1206 1941 1261 2021 lX,

121 2057 219 2118 tobim
256 2052 343 2136 typis
376 2051 570 2135 descriptum
602 2052 727 2116 innenis
760 2051 844 2134 apud
875 2048 1262 2115 Tablemm-Molinerium

122 2180 149 2242 p.
172 2161 337 2225 353-59.
365 2159 427 2224 Hic
450 2159 566 2225 titulus
589 2159 745 2242 praefixus
769 2162 831 2223 est:
864 2156 984 2238 Iacebat
1006 2164 1205 2231 <aame>ras
1226 2157 1261 2220 io

121 2265 290 2330 ineditarum
318 2263 393 2350 (leg.
421 2265 622 2348 miliariam),
653 2265 707 2328 eibi
729 2263 887 2329 Dammae
912 2263 1047 2346 pedibus
1077 2263 1260 2328 ambubsuit.

121 2371 167 2436 be
198 2371 274 2436 locis
304 2374 432 2436 sanctis.
466 2371 529 2436 Hie
559 2371 656 2436 eaden
678 2373 801 2436 tertam
826 2371 936 2435 multis
958 2370 1038 2436 locis
1062 2370 1261 2436 decantatum

122 2483 150 2542 et
178 2478 210 2542 in
244 2478 414 2562 angustius
447 2482 645 2543 contractum
672 2477 804 2561 praebet
830 2481 863 2542 et
890 2477 1107 2560 compluribus
1138 2478 1261 2542 lacunis

120 2585 261 2650 foedatus
295 2587 355 2660 est,
380 2603 514 2667 quarum
541 2584 677 2648 maxima
700 2603 718 2648 a
740 2603 769 2666 p.
795 2583 870 2663 144,
896 2585 913 2647 7
938 2603 1040 2666 usque
1067 2583 1160 2667 adp.
1186 2585 1261 2660 144,

121 2692 158 2754 23
180 2691 301 2773 iaripat
323 2711 443 2756 amaea
465 2695 582 2755 terram
604 2689 789 2771 Aethiopiae
810 2691 961 2773 pertinet;
990 2689 1108 2755 desinit
1129 2709 1160 2772 p.
1186 2692 1260 2769 149,

123 2799 170 2862 19.
203 2798 319 2864 Statim
346 2793 453 2883 ipsum
481 2798 608 2864 initium
635 2799 785 2862 idoneum
813 2799 872 2875 est,
897 2817 933 2862 er
956 2817 1018 2880 quo
1042 2801 1260 2883 cognoscatur,

121 2905 275 2985 quomodo
303 2906 509 2988 interpolator
535 2905 596 2969 iste
625 2904 797 2969 Theodosii
824 2905 921 2969 uerba
948 2904 1141 2969 tractauerit.
1180 2901 1260 2968 Cum

120 3009 313 3077 Theodosius
336 3015 421 3077 recte
444 3031 498 3076 ser
520 3013 629 3096 portas
649 3011 736 3076 urbis
755 3009 958 3076 Hierusalem
977 3013 1148 3090 enumeret,
1166 3009 1262 3074 libra-

120 3115 182 3182 n'us
206 3118 327 3184 codicis
351 3117 392 3182 W
416 3117 642 3202 Apocalypsim
667 3119 720 3194 21,
747 3119 788 3182 12
813 3118 1008 3184 similatus
1032 3118 1071 3184 ds
1095 3118 1259 3183 duodecim

121 3225 215 3304 portis
248 3224 433 3308 hariolator,
457 3225 549 3289 trinis
583 3243 601 3290 a
630 3223 765 3308 singulis
797 3225 876 3290 caeli
899 3225 1014 3310 plagis,
1038 3243 1111 3289 cum
1135 3225 1260 3290 scribit:

124 3328 243 3395 Oia-itas
260 3329 464 3396 Hierusalem
482 3331 572 3396 babet
582 3335 696 3412 portas
716 3329 799 3395 XII
823 3330 922 3395 Parte
941 3331 1070 3396 orientis
1080 3335 1174 3412 porte
1191 3331 1260 3411 ΙΙΙ,

115 3441 205 3516 parte
235 3436 433 3502 meridianae
453 3441 547 3518 pom
572 3435 642 3514 III,
664 3442 760 3518 parte
786 3437 951 3503 occidentis
966 3442 1059 3519 pom
1079 3437 1149 3517 III,
1166 3444 1263 3520 parte

120 3543 273 3626 aquilonis
297 3548 391 3624 porte
418 3543 487 3620 ΙΙΙ,
517 3548 546 3608 et
574 3545 658 3607 ieter
685 3548 782 3624 poma
809 3549 839 3609 et
858 3549 956 3626 porta
982 3545 1073 3608 mitia
1103 3549 1179 3609 trec.
1212 3545 1261 3610 Ad

119 3669 148 3730 p.
174 3652 247 3727 137,
272 3652 292 3713 5
321 3650 360 3714 de
386 3671 484 3714 mama
510 3669 571 3714 aaa
594 3651 701 3714 arcuit
723 3651 826 3716 addit:
860 3655 889 3715 et
909 3653 1079 3716 seminabit
1101 3657 1131 3716 et
1150 3651 1197 3715 ibi
1219 3655 1263 3716 est

118 3755 348 3834 monasteriam,
372 3759 400 3820 ct
426 3758 462 3818 tu
488 3757 557 3838 ipso
585 3758 772 3822 monasterio
799 3756 888 3822 000
911 3757 1064 3836 monachi,
1088 3758 1143 3839 qui
1161 3761 1262 3838 posei-

118 3863 188 3926 dcat
214 3883 325 3947 aarum
346 3862 445 3940 illam,
469 3867 498 3926 et
520 3863 588 3943 ipse
610 3883 685 3946 aper
706 3863 742 3928 ia
765 3885 849 3928 amno
872 3867 963 3928 icitia
977 3863 1122 3948 fractam
1144 3864 1209 3942 dat,
1234 3872 1262 3931 ct

118 3968 234 4050 siapali
253 3969 351 4051 frudi
375 3967 469 4034 VIII
484 3969 605 4035 modios
627 3968 712 4034 dant.
737 3971 772 4035 P.
795 3973 868 4049 137,
890 3972 1010 4037 thoa
1034 3971 1127 4037 modo
1151 3971 1261 4056 ampli-

118 4073 237 4141 ficabit:
256 4075 298 4140 Im
316 4097 379 4158 aaa
396 4076 489 4140 Iacob
507 4077 662 4140 sarmatum
680 4077 762 4141 uidit
779 4077 897 4142 scalam
915 4077 959 4141 ad
976 4077 1094 4142 coelam
1112 4079 1260 4156 iunctam,

114 4201 172 4262 per
197 4203 292 4268 paam
319 4183 524 4248 asemadebaat
551 4184 652 4265 ampeli
680 4189 709 4248 et
735 4183 1017 4261 disceptationem
1044 4181 1189 4248 daminus
1211 4189 1261 4249 ia-

119 4289 272 4355 aambebat
303 4293 339 4354 iu
368 4293 526 4355 cacumine
554 4291 631 4370 cias,
655 4297 684 4355 ct
706 4291 751 4354 ibi
772 4295 861 4356 mouit
883 4292 975 4356 Iacob
1001 4295 1110 4356 aotam
1136 4291 1261 4356 dmaim

119 4393 241 4460 rimans:
261 4395 313 4462 Dc
335 4397 486 4474 ernmibas,
511 4417 568 4482 pac
592 4397 715 4463 dederis
737 4397 824 4476 milri,
849 4399 985 4463 decimas
1007 4399 1165 4463 decimabo
1194 4399 1258 4462 tibi.
