3125 4942
456 453 482 505 S.
512 450 665 505 Siluiae
694 452 975 522 peregrinatio
1249 460 1291 523 69

142 667 215 733 ergo
235 649 267 712 in
292 648 416 712 nornine
441 648 500 712 Dei
522 648 660 731 peruisis
684 648 832 713 omnibus
856 649 974 713 faciens
999 649 1070 715 ualc
1095 654 1204 717 sancto
1230 653 1293 736 epi-

143 774 237 838 scopo
272 758 305 819 ot
338 755 455 819 sanctis
487 754 661 833 monachis,
695 755 750 837 qui
778 774 835 820 nos
869 774 970 837 usquc
1004 756 1043 821 ad
1070 757 1163 822 illum
1186 759 1292 823 locum

144 862 297 927 deducere
317 862 437 947 dignati
450 862 585 939 fuorunt,
600 863 737 945 regressi
757 882 869 927 sumus
888 881 945 945 ρει·
957 864 1018 927 iter
1031 866 1085 929 uel
1103 865 1292 941 mansiones,

144 988 220 1051 quas
245 988 434 1033 ueneramus
459 968 496 1032 do
519 969 698 1033 Antiochia.

114 1100 127 1139 e
183 1076 357 1140 Antiochia
390 1078 496 1139 autem
530 1094 601 1140 oum
634 1075 766 1141 fuissem
801 1095 956 1161 regressa,
994 1078 1057 1143 feci
1087 1072 1345 1160 postmodumtt

144 1184 331 1266 septimana,
360 1200 524 1265 quousque
553 1202 599 1261 ea,
629 1201 708 1265 qnae
736 1182 914 1248 necessaria
941 1189 1031 1249 erant
1056 1185 1173 1261 itineri,
1205 1205 1292 1267 para·

143 1295 259 1355 rentur.
306 1291 347 1355 Et
385 1291 431 1356 sic
464 1291 667 1374 proficiscens
702 1290 739 1355 de
776 1290 948 1357 Antiochia
984 1292 1104 1357 faciens
1140 1294 1202 1357 iter
1237 1312 1293 1376 per·

143 1396 325 1463 mansiones
350 1398 472 1481 aliquot
495 1398 624 1481 perueni
649 1396 688 1461 ad
711 1398 918 1479 prouinciam,
944 1418 1023 1481 quae
1052 1398 1165 1464 Cilicia
1187 1401 1293 1483 appel-

143 1505 236 1577 latur,
269 1522 350 1586 quae
377 1504 475 1569 habet
501 1504 665 1569 ciuitatem
693 1505 896 1587 metropolim
920 1505 1050 1579 Tharso,
1079 1505 1136 1569 ubi
1163 1506 1291 1588 quidem
1396 1557 1399 1564 .

105 1609 262 1674 10Tharso
293 1611 326 1673 et
352 1610 454 1674 eundo
479 1610 698 1674 ierosolimam
726 1610 789 1674 iam
817 1609 949 1674 fueram.
991 1610 1053 1677 Sed
1081 1611 1229 1693 quoniam
1254 1612 1292 1675 de
1324 1609 1343 1669 2

143 1716 261 1781 Tharso
296 1717 390 1781 tertia
417 1718 589 1794 mansione,
622 1716 656 1780 id
690 1720 739 1781 est
770 1718 802 1779 in
831 1716 990 1795 Hisauria,
1025 1721 1075 1781 est
1105 1718 1291 1800 martyrium

143 1828 270 1887 sanctae
299 1822 422 1901 Teclae,
452 1826 577 1907 gratum
604 1823 666 1887 fuit
694 1824 782 1898 satis,
816 1826 853 1887 ut
880 1824 976 1889 etiam
998 1824 1076 1889 illuc
1100 1824 1291 1900 accederem,

142 1930 327 2010 pracsertim
352 1949 424 1995 oum
448 1936 512 1993 tam
537 1930 568 1993 in
592 1930 733 2012 proximo
757 1935 851 1995 esset.

185 2034 268 2099 Nam
292 2036 495 2118 proficiscens
520 2036 557 2099 de
581 2036 701 2101 Tharso
729 2037 859 2118 pennoni
883 2036 922 2100 ad
947 2037 1103 2119 quandam
1128 2036 1290 2101 ciuitatem
1301 2036 1344 2099 33

104 2158 237 2221 usupra
261 2160 346 2205 mare
372 2142 474 2207 adhuc
498 2140 639 2221 Ciliciae,
664 2160 743 2225 quae
767 2143 947 2224 appellatur
969 2142 1207 2226 Pompeiopolim
1251 2142 1291 2206 nt

144 2246 215 2311 inde
247 2247 312 2310 iam
344 2248 487 2331 ingressa
518 2249 596 2312 fines
629 2248 798 2313 Hisauriae
837 2248 938 2313 mansi
970 2249 1002 2313 in
1036 2248 1177 2328 ciuitate,
1211 2267 1290 2330 quae

144 2354 322 2436 appellatur·
350 2354 470 2433 Corioo,
505 2374 541 2419 ao
572 2355 667 2420 tertia
695 2355 744 2420 die
777 2356 908 2438 perueni
940 2356 979 2420 ad
1008 2356 1181 2433 ciuitatem,
1210 2374 1290 2437 quae

143 2460 322 2543 appellatur
345 2460 489 2527 Seleucia
511 2462 689 2527 Hisauriae.
732 2462 794 2527 Ubi
818 2482 890 2527 cum
919 2464 1146 2547 peruenissem,
1174 2463 1222 2527 fui
1250 2462 1289 2526 ad

144 2567 328 2651 episcopum
348 2588 422 2633 uere
441 2572 586 2634 sanctum
606 2588 641 2633 er
666 2568 830 2647 monacho,
854 2569 921 2634 uidi
940 2570 1036 2634 etiam
1059 2570 1104 2633 ibi
1122 2568 1290 2633 ecclesiam

102 2697 126 2735 a
143 2673 236 2737 ualde
250 2674 417 2757 pulchram
430 2676 463 2738 in
478 2674 587 2739 eadem
607 2674 747 2739 ciuitate.
771 2675 814 2739 lilt
831 2675 979 2757 quoniam
997 2676 1070 2741 inde
1088 2676 1127 2739 ad
1147 2678 1288 2753 sanctam
1322 2679 1341 2739 2

143 2780 282 2860 leolam,
316 2782 371 2864 qui
402 2783 493 2847 locus
526 2784 576 2846 est
607 2782 691 2846 ultra
722 2782 885 2846 ciuitatem
918 2783 949 2846 in
984 2784 1065 2847 colle
1096 2782 1151 2847 sed
1184 2782 1288 2865 plano,

142 2885 279 2951 habebat
307 2888 345 2951 de
373 2887 503 2951 ciuitate
531 2887 662 2951 forsitan
691 2885 779 2951 mille
808 2888 999 2971 quingentos
1032 2906 1157 2971 passus,
1190 2886 1289 2950 malui

143 3012 216 3076 ergo
231 2993 371 3075 perexire
387 2993 472 3069 illuc,
492 2996 529 3057 ut
543 2993 704 3069 statiuam,
724 3011 819 3075 quam
834 2994 957 3057 factura
970 3012 1065 3070 eram,
1084 2993 1129 3057 ibi
1143 2994 1288 3057 facerem.

143 3100 190 3163 Ibi
213 3103 321 3164 autem
351 3100 389 3164 ad
418 3102 558 3163 sanctem
583 3098 749 3163 ecclesiam
778 3100 876 3164 nichil
903 3100 990 3164 aliud
1018 3103 1069 3164 est
1094 3099 1156 3164 nisi
1183 3118 1289 3164 mona·

101 3230 124 3268 aa
142 3207 237 3271 steria
270 3206 337 3271 sine
370 3224 499 3271 numero
532 3208 671 3271 uirorum
707 3224 742 3269 ao
774 3207 954 3270 mulierum.
995 3206 1078 3271 Nam
1109 3206 1217 3271 inueni
1242 3206 1288 3271 ibi
1321 3214 1340 3275 3

141 3313 280 3395 aliquam
315 3312 541 3378 amicissimam
574 3313 680 3387 michi,
716 3316 748 3376 et
775 3312 828 3377 cui
856 3331 965 3377 omnes
993 3313 1024 3377 iu
1053 3314 1172 3379 oriente
1198 3315 1289 3378 testi-

140 3421 282 3485 monium
307 3419 449 3483 ferebant
473 3420 557 3483 uitae
582 3419 693 3502 ipsius,
723 3422 834 3483 sancta
857 3419 1035 3484 diaconissa
1059 3420 1183 3485 nornine
1205 3420 1288 3484 Mar-

140 3526 244 3605 thana,
275 3544 370 3609 quam
399 3544 457 3610 ego
486 3528 564 3608 aput
587 3525 807 3591 lorusolimam
836 3544 995 3601 noueram,
1024 3526 1079 3589 ubi
1107 3527 1163 3590 illa
1186 3528 1288 3611 grstia

141 3634 291 3699 orationis
321 3633 517 3708 ascenderam
547 3632 624 3697 haec
652 3636 758 3697 autem
781 3633 972 3697 monasteria
995 3634 1206 3715 apotactitnm
1231 3652 1287 3698 ssu

99 3762 122 3804 ao
139 3741 299 3824 uirginum
332 3741 472 3825 regebat.
520 3738 607 3819 Quae
640 3758 690 3803 me
723 3758 796 3806 cum
832 3739 978 3817 uidisset,
1014 3738 1098 3821 quod
1135 3739 1287 3823 garrdium
1331 3748 1338 3759 ’

140 3846 224 3911 illius
254 3847 308 3912 uel
330 3866 436 3912 meum
461 3865 531 3912 esso
554 3847 704 3930 potuerit,
733 3845 876 3928 nunquid
898 3846 951 3910 uel
975 3846 1111 3911 scribere
1134 3852 1286 3930 possum?

140 3952 200 4019 Sed
223 3960 262 4019 nt
284 3954 409 4019 redeam
434 3955 473 4019 ad
497 3974 573 4029 rem,
597 3954 791 4019 monasteria
809 3972 883 4037 orgo
906 3952 1043 4035 plurima
1068 3957 1142 4018 sunt
1165 3953 1210 4017 ibi
1232 3973 1287 4035 per
1319 3964 1339 4023 4

79 4139 81 4142 v
171 4184 196 4245 4,
215 4186 241 4245 5,
263 4184 278 4237 7
299 4182 436 4239 anthiocia
456 4184 482 4236 A
557 4182 590 4235 10
609 4180 711 4238 Tharso
729 4181 842 4235 seclusit
859 4180 991 4235 Bermurd
1059 4182 1092 4235 12
1111 4180 1239 4236 accedere
1259 4185 1285 4235 A

139 4272 170 4325 15
190 4288 242 4341 qne
261 4273 287 4325 A
351 4272 386 4325 22
405 4270 527 4325 forsitam
547 4272 573 4323 A
635 4270 670 4325 23
690 4270 793 4324 statiua
811 4270 838 4323 A
928 4269 1127 4336 sibieedlitt.
1148 4269 1284 4325 alimoto

139 4360 228 4414 deleto
246 4360 273 4414 A
329 4359 526 4430 solsequia
548 4358 723 4415 Cholodoiulc
795 4363 862 4429 aput
881 4376 912 4412 ac
930 4362 1012 4414 titum
1032 4360 1058 4413 A
