3125 4942
250 448 312 510 106
542 441 698 495 Itinera
725 438 1104 510 Hierosolymitana

248 640 388 725 diligeris
422 660 458 705 ac
490 638 660 703 ueneraris.
707 636 789 702 Nam
822 636 895 719 quis
930 635 1012 700 tanti
1049 635 1110 698 uiri
1146 631 1397 699 familiaritatem

248 752 384 829 spernat,
413 746 631 811 affabilitatem
656 746 867 827 contempnat,
895 742 1083 807 industriam
1107 740 1233 823 fugiat?
1255 736 1337 802 Nam
1360 741 1398 800 nt

248 854 393 919 omittam
422 856 528 918 cetera
554 852 697 916 maxima·
718 854 751 916 et
778 850 906 935 egregia
928 849 1028 914 nestri
1050 848 1170 932 ingenii
1192 848 1399 911 monumenta

246 960 393 1044 insignia,
405 961 536 1024 cunctos
550 958 778 1041 praecellentes
797 956 932 1021 Romani
947 955 1072 1039 imperii
1084 954 1242 1037 sapientes
1252 950 1397 1016 Tulliana
1544 1019 1545 1022 Ἴ

247 1066 428 1149 eloquentia
456 1084 586 1147 superas
611 1066 643 1129 et
666 1067 902 1129 antecessorum
926 1067 1103 1127 uestrorum
1131 1060 1250 1143 largam
1273 1056 1398 1123 munifi·
1426 1083 1439 1121 s
1544 1049 1545 1140 i

247 1174 383 1238 centiam
404 1174 549 1239 omnibus
569 1172 655 1237 horis
674 1170 908 1253 momentisque
922 1169 1099 1253 praecellis.
1119 1167 1240 1242 Tantis,
1255 1166 1396 1247 inquam,

248 1284 281 1344 et
306 1280 425 1344 talibus
449 1298 508 1344 uos
533 1298 660 1344 cernens
685 1278 779 1342 sertis
801 1276 986 1341 redimitum
1010 1278 1044 1339 et
1069 1273 1185 1339 laureis
1213 1273 1397 1338 decoratum

246 1386 444 1451 itinerarium
469 1386 505 1449 ds
530 1384 608 1449 locis
632 1384 752 1449 sanctis
776 1403 795 1447 a
821 1384 913 1447 nobis
937 1386 1098 1463 utcunque
1122 1383 1281 1446 exaratum
1305 1381 1339 1443 et
1360 1396 1397 1442 ex

247 1492 405 1569 omnibus,
438 1494 475 1557 ut
506 1492 552 1555 ita
584 1490 697 1573 dicam,
728 1489 820 1557 libris
853 1489 1024 1554 collectum
1057 1492 1182 1553 nuestrae
1213 1483 1397 1570 paternitati

247 1598 404 1664 destinare
433 1598 543 1664 curaui
579 1616 712 1681 poscens
736 1597 769 1662 id
797 1591 944 1661 suestra
974 1597 1146 1661 eminentia
1175 1592 1329 1670 roborari3
1362 1592 1435 1656 inno

246 1725 309 1788 quo
341 1714 418 1789 rogo
450 1724 511 1771 non
545 1704 694 1769 dictantis
725 1703 897 1787 ignauiam,
929 1703 987 1768 sed
1018 1703 1182 1767 materiam
1215 1698 1397 1764 adtendatis

246 1810 427 1888 utillimam,
456 1828 513 1875 nec
541 1810 617 1876 noui
640 1827 699 1873 uos
723 1812 756 1873 et
777 1809 933 1893 incogniti
955 1809 1109 1873 hactenus
1137 1806 1258 1890 aliquid
1279 1806 1312 1870 in
1334 1806 1397 1870 hoc

244 1917 406 1983 itinerario
431 1917 631 1995 ediscituros,
652 1916 708 1981 ssd
731 1934 768 1980 ea
786 1934 868 1998 qnae
886 1917 949 1980 iam
972 1916 1049 1980 nina
1071 1934 1151 1981 uoce
1173 1914 1239 1979 illis
1262 1913 1397 1979 releren-

246 2024 345 2103 tibus,
365 2025 420 2106 qui
449 2024 487 2088 ad
516 2022 721 2106 sepulchrum
744 2022 872 2087 Domini
895 2026 1107 2106 perrexerunt,
1131 2020 1318 2094 edidicistis,
1341 2020 1398 2084 nel
1544 2093 1545 2096 Ἴ

246 2150 292 2209 ea,
312 2148 392 2213 quae
411 2148 466 2213 per
488 2129 651 2195 uolumina
669 2129 795 2194 diuersa
816 2128 970 2193 librorum
993 2129 1130 2213 legistis,
1154 2146 1211 2192 nos
1230 2126 1282 2191 hic
1299 2144 1396 2191 noue·
1415 2150 1440 2189 rs
1544 2151 1545 2218 ᾗ

244 2237 316 2303 ritis
340 2237 517 2320 collegisse.
543 2234 630 2315 Quas
649 2240 755 2301 autern
779 2235 1015 2300 indeclinabilia
1037 2238 1069 2300 et
1090 2234 1242 2299 immania
1263 2231 1396 2316 impedi·
1544 2223 1545 2232 ’

245 2346 352 2409 ments
371 2364 389 2407 a
406 2342 534 2425 perfidis
554 2347 587 2407 et
604 2343 750 2407 scelestis
777 2345 909 2425 utroque
928 2360 1011 2427 genu
1031 2340 1283 2407 claudicantibus
1301 2339 1395 2403 nobis

247 2450 438 2527 obstiterint,
458 2467 518 2513 non
536 2449 600 2512 iarn
620 2448 725 2523 deum,
745 2467 858 2513 uerum
876 2468 935 2513 nos
954 2450 1042 2531 ipsos
1062 2447 1217 2526 conscios,
1232 2446 1395 2528 nosipsos

244 2556 354 2621 fideles
369 2555 442 2619 inde
458 2556 660 2620 clamauerim
675 2557 788 2622 testes.
807 2555 954 2621 Ceterum
969 2556 1009 2619 ad
1024 2553 1184 2619 tantillum
1194 2554 1299 2636 spatii,
1309 2551 1395 2635 quod

246 2682 262 2727 s
281 2663 428 2747 largitate
452 2662 578 2726 diuinae
601 2661 818 2747 indulgentiae
841 2663 989 2727 relictum
1012 2665 1071 2737 est,
1094 2661 1183 2725 istud
1202 2659 1394 2743 opusculum
1413 2682 1440 2722 n

246 2769 380 2834 caelesti
404 2768 621 2833 munificentia
649 2767 732 2833 edidi
766 2767 924 2834 conlidens
952 2768 1177 2833 nichilominus
1207 2767 1245 2831 de
1273 2766 1330 2832 deo
1354 2765 1395 2830 de
1544 2745 1545 2764 ¹

244 2876 361 2941 nostris
377 2875 511 2940 aemulis
522 2874 708 2957 quandoque
720 2874 809 2941 nobis
820 2875 987 2939 uictoriam
998 2876 1196 2941 collaturam.
1208 2873 1395 2939 Sientenim

244 3002 405 3067 nunquam
428 2981 466 3045 lit
488 3001 567 3065 opus
588 2982 735 3059 solidum,
756 2984 784 3047 si
803 2982 913 3047 artilex
932 2982 1046 3059 omnia,
1066 2986 1161 3066 prout
1177 2982 1258 3046 ratio
1277 2980 1393 3065 poscit,

244 3108 305 3154 non
321 3091 418 3171 aptet,
436 3088 482 3153 sic
498 3088 599 3155 omnis
620 3090 755 3171 scriptor
768 3108 898 3154 manans
912 3090 1103 3155 multimoda
1116 3088 1310 3154 uerbositate
1324 3088 1395 3151 nnl-
1544 3163 1545 3174 ἵ

243 3195 307 3260 lam
331 3194 462 3259 habebit
484 3194 656 3258 ualentiam
681 3193 794 3259 edendi
822 3194 1011 3277 scripturam
1039 3194 1205 3260 dulcedine
1232 3194 1392 3274 relertam,
1412 3216 1439 3258 aa

243 3306 339 3383 prout
350 3300 477 3366 Oratius
489 3301 731 3365 strenuissimus
747 3306 852 3366 orator
864 3301 895 3365 in
907 3302 1034 3385 seriptis
1044 3302 1113 3366 suis
1122 3301 1258 3384 reliquid
1269 3302 1391 3366 dicens:

289 3406 408 3472 Omne
445 3407 548 3471 tulit
578 3410 782 3491 punctum,
821 3410 889 3490 qui
922 3409 1092 3475 miscuit
1128 3409 1234 3473 utile
1267 3408 1390 3483 dulci,

244 3512 272 3577 si
290 3516 459 3595 postquam
484 3512 619 3577 seribere
639 3516 779 3591 conetur,
799 3512 963 3577 materiam
983 3533 1043 3578 non
1063 3515 1205 3579 rimetur.
1228 3514 1297 3580 Iam
1315 3533 1391 3580 uero

245 3618 371 3684 Christo
395 3619 524 3701 auspice
547 3619 644 3683 huius
666 3619 799 3702 proemii
822 3620 884 3684 iste
908 3621 952 3686 sit
974 3622 1055 3685 linis.

287 3794 425 3877 Explicit
446 3795 609 3879 prologus.
633 3794 750 3877 Incipit
770 3795 852 3861 liber
876 3796 914 3861 de
936 3796 1017 3863 locis
1041 3799 1169 3865 sanetis.

711 3921 917 3931 ————.

332 4038 367 4091 27
385 4036 450 4090 Hor.
470 4037 528 4090 Ars.
548 4036 624 4091 Poet.
645 4036 696 4092 343

277 4160 504 4231 4praecellentis
524 4160 584 4215 add.
642 4161 673 4215 12
694 4160 848 4217 actenusO
896 4162 929 4217 18
948 4162 1027 4218 deum
1046 4164 1390 4235 uerum,uosipsossdd.,·

241 4248 486 4319 interpunctionem
505 4250 615 4303 mutant
725 4267 775 4304 nos
794 4251 869 4321 ipsos
888 4251 981 4308 fideles
999 4252 1091 4307 Rinnt
1185 4254 1219 4307 25
1238 4252 1336 4308 fartam
1357 4254 1388 4316 C,

241 4339 368 4393 refertam
386 4336 485 4406 sompni
539 4338 573 4393 29
593 4338 770 4409 prohemiiC
