3125 4942
588 477 835 532 Adamuanus
1221 481 1284 545 261

134 675 271 769 psimus‚
296 673 428 757 figuram
449 673 603 748 formatis,
624 675 661 737 ut
679 672 835 754 superius·
847 672 968 736 dictum
988 675 1047 737 est.
1067 677 1287 756 proteguntur.

134 780 238 845 Adam
270 799 346 846 uero
379 779 583 863 sepulchrum
612 779 814 861 superposito
841 779 982 862 quidem,
1011 779 1067 844 sed
1094 781 1287 846 obscurioris

134 886 241 969 lapide
279 887 392 951 coloris
430 890 462 951 et
493 885 616 950 uilioris
650 885 754 968 operis
787 886 974 970 protegitur.
1020 887 1129 952 Trium
1161 906 1287 969 qnoque

133 993 324 1057 feminarum
360 992 490 1058 uiliores
527 995 559 1058 et
596 993 732 1057 minores
769 993 940 1058 memorias
972 993 1092 1058 ibidem
1124 994 1288 1077 conspexit

102 1099 297 1176 ausculfus,
326 1098 435 1164 Sarrae
468 1099 619 1163 uidelicet
651 1102 683 1163 et
710 1099 873 1164 Rebeccae
905 1099 1050 1177 olbiae,
1083 1101 1285 1165 humatarum

133 1207 165 1268 in
194 1207 289 1269 terra.
330 1206 463 1270 Illorum
491 1205 600 1286 itaque
627 1205 877 1288 patriarcharum
905 1205 1092 1288 sepulcralis
1121 1207 1244 1290 agellus
1269 1226 1287 1271 a

134 1331 226 1378 muro
263 1311 352 1376 illins
389 1310 630 1392 antiquissimae
664 1310 808 1376 Obebron
844 1310 877 1374 in
914 1312 1010 1376 nnius
1049 1312 1144 1375 stadii
1182 1314 1285 1396 spatio

135 1420 288 1484 orientem
316 1417 430 1482 uersus
458 1417 575 1482 distare
598 1416 786 1482 dinoscitur.
825 1414 913 1496 Quae
937 1419 1049 1500 utique
1073 1417 1227 1497 Cbebron,
1250 1424 1287 1484 ut

133 1526 243 1603 fertur,
272 1527 344 1589 onte
373 1542 481 1588 omnes
514 1544 574 1589 nou
609 1525 715 1591 solum
743 1524 944 1589 Palaestinae
976 1526 1125 1590 ciuitates
1159 1526 1286 1591 condita

93 1652 117 1690 ro
134 1634 247 1710 lueret,
267 1631 324 1696 sed
347 1631 443 1695 etiam
467 1631 633 1697 uniuersas
652 1631 850 1716 Aegyptiace
870 1631 964 1696 urbes
983 1632 1016 1695 in
1036 1650 1094 1696 sua
1111 1633 1286 1715 praecessit

134 1737 324 1815 conditione,
348 1757 427 1820 quae
451 1758 534 1803 nunc
556 1738 672 1804 misere
695 1741 891 1803 monstratur
913 1738 1079 1803 distructa.

177 1845 355 1926 Hucusque
388 1843 426 1908 de
459 1845 636 1928 sepulchris
669 1845 917 1928 patriarcharum
954 1844 1094 1908 sufficiat
1129 1863 1284 1912 craxasse.

134 1951 226 2016 Nunc
250 1951 288 2016 de
312 1951 454 2016 Mambre
477 1952 568 2018 colle.

372 2142 419 2196 XI.
439 2142 488 2197 DE
507 2142 636 2198 MONTE
655 2143 699 2198 ET
719 2142 863 2210 Qvuscv
880 2142 1045 2197 MAMBRE.

93 2292 117 2330 u
177 2271 320 2336 Mambre
341 2270 432 2335 collis
451 2269 539 2334 mille
557 2269 708 2351 passibus
730 2289 748 2334 a
765 2270 980 2335 monumentis
1000 2289 1095 2354 supra
1114 2269 1283 2354 descriptis

135 2377 172 2441 ad
187 2377 315 2442 boream
330 2379 495 2460 separatus
511 2375 619 2456 distat,
630 2376 787 2442 herbosus
801 2377 896 2442 ualde
911 2382 944 2441 et
956 2377 1098 2456 floridus,
1108 2377 1282 2460 respiciens

135 2483 277 2550 Chabron
298 2484 336 2548 ab
360 2482 477 2548 illirico
503 2482 564 2547 sibi
588 2487 816 2549 occurrentem.
840 2483 930 2548 Idem
952 2483 1061 2566 itaque
1079 2484 1282 2549 monticellus

133 2590 276 2655 Mambre
299 2589 480 2655 nominatus
508 2589 605 2654 habet
631 2590 663 2653 in
688 2590 851 2655 cacumine
875 2594 1082 2673 campestrem
1105 2589 1282 2672 planitiem,

133 2697 186 2762 ubi
212 2696 252 2761 ad
275 2695 486 2780 aquilonalem
510 2695 653 2760 eiusdem
678 2697 852 2761 cacuminis
876 2700 998 2778 partem
1021 2696 1146 2779 lapidea
1168 2716 1283 2782 magna

87 2818 115 2858 2⁰
132 2804 263 2868 lundata
283 2807 334 2867 est
351 2802 495 2881 ecclesia,
515 2804 546 2866 in
566 2803 659 2869 cuius
679 2803 809 2868 dextrali
832 2807 922 2886 parte
945 2803 1027 2867 inter
1050 2803 1129 2868 duos
1154 2804 1283 2886 grandis

131 2910 275 2977 eiusdem
292 2909 444 2974 basilicae
462 2911 609 2992 parietes,
625 2909 740 2974 mirum
761 2909 860 2986 dictu,
878 2928 1014 2992 quercus
1034 2910 1177 2975 Mambre
1197 2914 1283 2974 extat

131 3015 161 3078 in
190 3021 274 3081 terra
299 3015 449 3094 radicata,
474 3035 554 3098 quae
583 3019 616 3080 et
644 3034 779 3098 quercus
802 3015 962 3079 Abraham
985 3015 1111 3092 dicitur,
1136 3014 1282 3097 eoquod

130 3123 190 3187 sub
219 3141 257 3188 ea
289 3122 447 3206 quondam
480 3120 608 3206 angelos
641 3123 780 3206 hospitio
812 3121 975 3205 receperit
1016 3118 1118 3200 Quom
1151 3125 1280 3186 sanctus

219 3347 236 3402 8
250 3346 350 3417 Heges.
365 3347 404 3402 IV
419 3363 440 3402 c.
456 3349 490 3402 23
505 3365 530 3417 p.
545 3347 608 3410 258,
623 3347 666 3412 24,
682 3345 715 3400 cl.
730 3346 841 3400 Hieron.
857 3345 952 3401 Onom.
966 3363 992 3416 p.
1009 3345 1070 3409 112,
1085 3347 1102 3400 5
1162 3347 1193 3401 21
1213 3347 1278 3401 Hie·

130 3453 186 3491 ron.
211 3434 308 3490 Onom.
327 3454 353 3507 p.
373 3435 417 3503 84,
437 3438 470 3492 16
490 3441 519 3492 et
539 3437 598 3502 114,
619 3438 660 3500 17,
684 3437 822 3491 clettam
844 3435 944 3505 Hegea.
964 3434 1002 3489 lV
1022 3451 1043 3488 c.
1064 3436 1097 3490 23
1116 3454 1142 3506 p.
1163 3436 1225 3501 258,
1245 3438 1279 3491 30

166 3594 326 3650 lformatas
345 3594 374 3648 Y
425 3594 627 3664 2sepnlchrum
641 3611 705 3649 nero
724 3594 802 3648 adam
821 3593 850 3648 Y
900 3592 1060 3662 supinam
1074 3595 1117 3648 Br
1169 3595 1279 3664 daspe-

129 3685 168 3738 ric
186 3684 214 3738 P
258 3677 283 3739 ’5
303 3687 332 3738 et
351 3689 415 3737 ante
433 3683 572 3738 Rebeccae
586 3701 636 3740 orn.
656 3683 726 3738 YBr
797 3683 826 3738 in
843 3686 917 3737 terra
933 3684 1107 3738 humatarum
1120 3682 1148 3736 Z
1201 3684 1279 3738 lce-

130 3770 196 3826 bron
214 3771 242 3828 Z
260 3777 285 3826 ct
302 3771 342 3826 aie
360 3785 462 3840 semper
530 3773 564 3826 10
584 3772 770 3826 uniuersarum
790 3771 933 3842 aegyptias
951 3771 995 3825 Br
1059 3772 1092 3825 12
1112 3771 1145 3825 de
1162 3772 1278 3842 patriar·

131 3877 220 3914 carum
239 3860 363 3929 sepulcra
381 3859 501 3914 sufficiat
514 3877 621 3916 erexere
636 3861 677 3914 Br
749 3877 873 3916 caraxare
888 3859 913 3914 Z
968 3862 1000 3915 13
1018 3859 1097 3916 Nunc
1116 3860 1149 3914 de
1167 3860 1279 3916 manbre

129 3948 196 4003 colle
215 3947 249 4014 Ρ,
272 3949 315 4002 De
338 3948 457 4002 mambre
482 3949 550 4004 colle
576 3949 605 4004 Y
623 3955 655 4003 ut
679 3950 777 4004 titulus
800 3949 888 4020 capiti
911 3950 962 4004 XI
978 3950 1173 4020 praeponitur.
1201 3949 1279 4004 Hinc

129 4039 236 4092 numeru
249 4053 311 4106 cap.
327 4036 466 4092 muntem
484 4037 512 4091 Y
562 4037 600 4092 Xl
615 4038 656 4092 De
671 4043 762 4092 moute
778 4042 806 4092 et
819 4055 919 4108 quercu
933 4037 1106 4092 mambreBr
1117 4037 1279 4106 Capitulum

128 4126 217 4193 ipsum
236 4125 271 4191 (Χ
292 4126 327 4191 Ζ)
346 4125 458 4194 incipit:
476 4127 555 4180 Nunc
574 4126 607 4181 de
625 4127 745 4181 mambre
765 4128 834 4181 colle
852 4127 921 4181 ZBr
994 4128 1027 4182 16
1047 4125 1079 4179 ab
1099 4126 1209 4180 boream
1226 4127 1277 4191 Br,

130 4229 198 4272 corr.
217 4217 244 4270 2.
259 4231 295 4268 m.
368 4213 606 4270 etfloreshabens
620 4216 664 4269 Br
736 4217 769 4270 17
789 4216 872 4271 altico
887 4217 931 4270 Br
1004 4215 1036 4270 18
1055 4218 1218 4285 caepestrem
1236 4217 1279 4270 Br

129 4303 203 4358 solur
259 4303 291 4357 19
312 4302 466 4372 aquilonem
483 4305 552 4358 PBr
606 4305 641 4360 20
659 4305 687 4359 in
707 4303 832 4358 duosBr
904 4304 1019 4375 grandes
1037 4305 1106 4358 YBr
1168 4306 1201 4358 21
1223 4306 1277 4359 exi·

130 4390 180 4444 stit
197 4390 224 4444 Ζ
277 4391 313 4445 23
331 4391 459 4461 reciperit
475 4393 565 4458 PYZ,
584 4393 616 4446 iu
634 4393 661 4447 Z
678 4401 828 4448 correctum
845 4393 877 4446 in
895 4393 1028 4464 reciperet
1092 4391 1163 4462 quod
1181 4393 1225 4447 Br
