3125 4942
271 456 312 519 78
570 454 722 508 itinera
750 455 1115 524 Hierosolymitana

216 644 258 709 27
314 650 393 713 Item
424 649 490 715 dies
523 651 688 733 paschales
717 668 790 715 cum
822 650 977 726 uenerint,
1010 650 1207 715 celebrantur
1239 650 1295 716 sic.
1337 650 1418 715 liam

270 756 354 820 sicut
381 757 465 837 opud
493 775 549 821 nos
578 755 839 841 quadragesimae
868 760 938 820 ante
970 756 1090 840 pascha
1117 756 1342 826 adtenduntur,
1374 756 1419 820 ita

268 864 320 927 bic
340 866 411 929 octo
431 864 625 947 septimanae
644 862 850 927 attenduntur
873 865 945 927 ante
968 862 1095 945 pascha.
1119 863 1290 945 Propterea
1312 867 1418 927 antem

270 974 341 1037 octo
366 970 560 1053 septimanae
580 969 794 1046 attenduntur,
820 971 894 1051 qnia
913 969 1080 1034 dominicis
1100 968 1212 1034 diebus
1232 972 1264 1033 et
1286 970 1418 1035 sabbato

270 1096 330 1141 non
349 1076 529 1141 ieiunantur
552 1080 681 1160 excepto
698 1094 762 1140 una
781 1076 832 1139 die
856 1075 990 1153 sabbati,
1015 1095 1077 1159 qua
1100 1074 1230 1160 uigiliae
1253 1076 1418 1158 paschales
1447 1102 1458 1138 s

269 1187 344 1249 sunt
372 1189 405 1247 et
431 1202 560 1248 necesso
584 1186 633 1247 est
660 1182 807 1246 ieiunari:
835 1186 922 1245 extra
948 1181 1055 1265 ipsum
1079 1201 1152 1266 ergo
1181 1182 1265 1245 diem
1292 1184 1418 1265 penitus

270 1310 430 1372 nunquam
463 1289 516 1353 hic
548 1292 617 1354 toto
650 1308 729 1353 anno
759 1288 892 1353 sabbato
920 1288 1087 1352 ieiunatur.
1129 1291 1175 1353 Ac
1203 1290 1249 1353 sic
1278 1309 1352 1374 ergo
1381 1288 1418 1352 de

271 1400 341 1462 octo
380 1396 565 1479 septimanis
599 1395 744 1460 deductis
778 1399 849 1460 octo
883 1394 996 1459 diebus
1028 1394 1195 1459 dominicis
1227 1400 1260 1459 et
1296 1398 1418 1479 septem

271 1502 422 1580 sabbatis,
451 1503 524 1584 quia
552 1520 682 1567 necesse
711 1505 759 1567 est
787 1520 850 1566 una
878 1502 1002 1566 sabbati
1035 1502 1178 1580 ieiunant,
1207 1506 1245 1566 ut
1272 1503 1418 1586 superius

270 1609 343 1687 dixi,
367 1612 531 1673 remanent
549 1609 616 1673 dies
636 1608 844 1693 quadraginta
868 1612 900 1672 et
924 1627 1017 1686 unus,
1042 1608 1097 1690 qni
1120 1609 1309 1683 ieiunantua
1334 1608 1419 1691 quod
1440 1636 1462 1672 ro
1548 1613 1549 1644 l

240 1712 321 1781 anic
345 1714 505 1799 appellant
527 1719 642 1793 certae,
661 1716 694 1779 id
714 1720 762 1780 est
782 1716 1050 1799 quadragesimas.
1075 1714 1201 1799 Singuli
1224 1718 1332 1779 autem
1352 1715 1418 1779 dios

271 1824 467 1907 singularum
487 1822 731 1887 ebdomadarum
755 1826 893 1906 aguntur
916 1823 972 1894 sic,
992 1822 1025 1886 id
1049 1826 1108 1899 est,
1127 1826 1165 1886 ut
1188 1822 1239 1886 die
1262 1821 1419 1885 dominica

272 1930 309 1994 de
337 1930 426 2013 pullo
453 1928 554 2012 primo
582 1929 670 2013 legat
698 1931 867 2011 episcopus
894 1930 978 1993 intra
999 1928 1155 1993 Anastase
1183 1930 1289 1993 locum
1317 1946 1418 1992 resur·

271 2037 419 2102 rectionis
449 2036 574 2101 Domini
604 2036 641 2101 de
671 2036 847 2120 euangelio,
875 2037 961 2100 sicut
990 2039 1023 2100 et
1050 2040 1117 2101 toto
1146 2055 1225 2100 anno
1250 2034 1417 2099 dominicis
1462 2066 1465 2069 ⁴
1549 2095 1550 2126 f

272 2143 383 2208 diebus
407 2142 452 2221 iit,
478 2146 510 2207 et
533 2142 681 2207 similiter·
704 2162 806 2225 usque
825 2142 864 2206 ad
887 2144 991 2207 lucem
1015 2146 1153 2226 aguntur
1171 2142 1209 2205 ad
1228 2142 1417 2206 Anastasem
1437 2166 1462 2206 rs
1549 2139 1550 2156 i

272 2254 304 2315 et
336 2248 375 2313 ad
409 2250 552 2329 Crucem,
591 2268 671 2332 quae
705 2252 738 2312 et
768 2251 836 2312 toto
870 2267 948 2313 anno
982 2248 1150 2312 dominicis
1183 2247 1295 2312 diebus
1328 2247 1418 2311 liunt.

241 2350 479 2420 3Postmodrrm
515 2374 606 2419 mane
644 2356 727 2419 siout
764 2358 797 2417 et
824 2372 948 2436 semper
979 2354 1137 2419 dominica
1161 2354 1211 2417 die
1238 2353 1421 2435 proceditur

272 2466 304 2525 et
336 2464 482 2545 aguntur,
521 2481 600 2544 quae
634 2462 802 2526 dominicis
835 2461 947 2526 diebus
981 2450 1176 2526 consuetudo
1210 2464 1260 2525 est
1291 2461 1353 2544 agi,
1386 2461 1418 2524 in

272 2568 407 2633 ecclesia
421 2568 547 2645 maiore„
568 2586 648 2651 quae
668 2569 846 2651 appellatur
859 2568 1021 2651 Martyrio,
1042 2587 1123 2651 quae
1142 2572 1191 2632 est
1208 2569 1241 2631 in
1257 2566 1420 2651 Golgotba

271 2678 346 2757 post
360 2676 503 2740 Crucem.
527 2676 568 2739 Et
587 2676 735 2740 similiter
757 2676 856 2741 missa
880 2676 917 2740 de
941 2676 1075 2739 ecclesia
1097 2676 1181 2739 facta
1204 2674 1244 2739 ad
1261 2674 1418 2738 Anastase
1437 2700 1462 2739 ao

271 2782 336 2845 itur
359 2800 429 2845 cum
455 2782 569 2865 ymnis,
594 2783 679 2847 sicut
702 2801 826 2865 semper
844 2782 1010 2847 dominicis
1030 2782 1143 2846 diebus
1166 2781 1212 2844 tit.
1236 2781 1323 2846 Haec
1342 2800 1418 2863 crgo

273 2888 346 2951 dum
377 2893 522 2975 aguntur,
551 2888 628 2954 lacit
656 2908 688 2953 se
713 2890 790 2954 bora
813 2890 936 2971 quinta;
965 2890 1127 2953 lucernare
1150 2889 1210 2952 boo
1233 2888 1317 2952 idem
1341 2888 1419 2952 hora

273 3014 330 3058 sua
357 2994 394 3059 iit
428 2996 513 3060 sieut
540 3014 664 3077 semper
691 2996 729 3060 ad
758 2997 946 3061 Anastasem
975 2999 1008 3059 ct
1039 2995 1078 3060 ad
1103 2994 1244 3071 Crucem,
1273 2994 1359 3059 sicut
1385 2998 1420 3057 et

148 3102 215 3193 [61]
241 3101 405 3187 4singulis
434 3102 512 3167 locis
541 3102 659 3167 sanctis
682 3102 733 3177 fit;
762 3102 920 3166 dominica
943 3103 1026 3166 enim
1054 3102 1105 3166 die
1133 3121 1214 3167 nona
1242 3101 1289 3165 fit.
1310 3098 1315 3186 Ι
1335 3102 1416 3165 Item

272 3208 410 3273 secunda
433 3209 510 3273 feria
534 3208 681 3274 similiter
700 3209 737 3273 de
756 3209 845 3291 pullo
865 3208 965 3291 primo
985 3209 1022 3273 cd
1041 3208 1230 3273 Anastascm
1249 3209 1315 3273 itur
1332 3208 1417 3273 siout
1434 3231 1460 3271 aa

272 3318 305 3378 et
326 3318 393 3380 toto
418 3334 497 3381 anno
522 3320 555 3379 et
578 3320 716 3400 aguntur
737 3334 840 3398 usque
864 3315 903 3379 ad
926 3334 1028 3392 mane,
1049 3334 1128 3398 quae
1148 3335 1280 3399 semper.
1305 3315 1415 3381 Denuo

272 3420 311 3485 ad
338 3422 432 3486 tertia
459 3422 523 3486 itur
551 3421 589 3485 ad
618 3421 799 3487 Anastasim
828 3424 860 3485 et
886 3426 1034 3504 aguntur,
1064 3440 1144 3504 quae
1171 3424 1239 3486 toto
1268 3440 1348 3486 anno
1376 3421 1415 3485 ad

272 3531 391 3593 sextam
424 3530 526 3593 solent
558 3528 620 3611 agi,
654 3529 803 3610 quoniam
834 3528 865 3591 in
899 3527 1011 3591 diebus
1045 3527 1356 3612 quadragesimarum
1384 3533 1417 3591 et

271 3634 331 3700 hoo
354 3634 490 3711 additur,
515 3636 552 3699 ut
575 3638 605 3699 et
630 3634 667 3698 ad
688 3635 814 3699 tertiam
832 3639 931 3699 eatur.
955 3635 1036 3698 Item
1056 3633 1233 3698 adsertam
1253 3638 1415 3699 ctnonam
1444 3626 1451 3639 ”

271 3744 304 3806 et
338 3742 500 3806 lucernare
532 3742 577 3806 ita
609 3747 755 3825 aguntur,
795 3744 879 3806 sicut
910 3741 1106 3806 consuetudo
1140 3746 1189 3805 est
1225 3762 1281 3823 per
1311 3744 1413 3805 totum
1433 3767 1459 3807 ao

307 4008 323 4062 3
342 4010 507 4078 septimanas
526 4012 553 4065 A
607 4015 624 4064 4
644 4012 794 4081 septimane
813 4012 839 4064 A
894 4014 909 4065 5
929 4013 1085 4065 ieiunantnr
1098 4012 1125 4064 A
1143 4013 1279 4065 ieiunatur
1294 4011 1415 4066 Gomorr-

270 4097 328 4150 rini
363 4090 480 4152 'euno
499 4098 542 4153 die
562 4100 669 4153 sabbati
691 4100 866 4155 t'holcdniub
931 4103 964 4155 10
984 4118 1064 4153 nuum
1083 4102 1109 4154 A
1175 4103 1208 4154 15
1228 4100 1275 4154 fict
1293 4102 1319 4153 A
1338 4102 1370 4155 fit
1389 4106 1417 4155 et

269 4188 368 4256 scripsi
381 4188 519 4256 probante
540 4188 686 4243 Bcrnardo
752 4190 784 4243 17
804 4189 949 4259 postmodo
967 4192 995 4242 A
1049 4190 1084 4244 20
1104 4197 1228 4243 anastase
1246 4191 1278 4243 in
1296 4196 1416 4244 extremo

271 4277 346 4330 lima
365 4276 391 4329 A
463 4278 497 4330 22
517 4277 561 4331 hic
579 4279 646 4331 item
665 4278 798 4332 Beruard
814 4278 929 4333 totidem
948 4280 1007 4348 ipse
1024 4280 1130 4335 conieci
1208 4282 1243 4335 24
1261 4280 1343 4351 none]
1363 4300 1416 4336 non

270 4364 646 4435 Dqueeuel.c.p.479
699 4370 847 4438 2iqneA
