3125 4942
613 425 833 480 Praelatio.
1163 423 1301 490 XXXIX

147 621 289 704 aequalis
318 624 382 696 estr
413 619 674 685 assimilationem
698 637 908 685 consonarum
930 617 1134 684 Adamnanua
1161 619 1299 701 plerum·

146 747 207 810 que
230 726 421 812 neglexisse,
447 743 669 809 nonnunquam
694 743 769 790 uero
792 725 984 790 insolentius
1007 723 1194 788 adhibuisse
1212 724 1299 788 uide·

145 839 206 914 tur,
230 837 326 900 uelut
347 835 379 898 in
404 833 571 898 uocabulis
594 852 763 910 ammoneo,
787 831 1005 908 ammirabilis,
1033 837 1195 907 annotare,
1220 849 1298 894 eora-

143 961 329 1017 memorare,
352 941 549 1021 commorat,
572 939 609 1004 dt
626 961 682 1024 pro
701 941 739 1005 de
758 941 926 1023 scripsisse
949 939 1087 1020 uidetur,
1110 938 1298 1021 praesertim

143 1053 301 1132 sequente
314 1069 340 1124 s,
356 1047 447 1113 uelut
463 1047 642 1125 amatae,
661 1047 855 1125 descendere·
872 1047 950 1112 irieo
969 1065 1056 1111 more
1074 1063 1298 1127 nonnunquam

144 1174 303 1221 consonae
324 1155 500 1239 duplicatae
520 1158 606 1234 suut,
626 1156 717 1220 uelut
735 1173 860 1237 semper
876 1154 1020 1236 repperio
1038 1152 1199 1229 scribitur,
1218 1169 1298 1234 quae

144 1264 252 1328 omnia
275 1263 463 1346 singillatim
487 1279 668 1326 enumerare
691 1279 751 1326 non
772 1277 853 1345 opus
873 1264 933 1338 est,
952 1279 1026 1325 cum
1043 1259 1076 1324 in
1096 1258 1299 1324 adnotatione

143 1369 256 1435 critica
285 1369 381 1434 etiam
410 1367 667 1453 orthographiam
695 1367 843 1432 codicum
871 1367 1066 1432 enotauen'm
1094 1367 1220 1448 praeter
1242 1382 1297 1428 eos

142 1477 245 1554 locos,
278 1476 333 1542 ubi
365 1495 381 1540 e
412 1495 467 1559 pro
501 1495 538 1539 oe
569 1475 707 1556 ponitur.
744 1475 818 1558 lpse
851 1475 883 1538 in
915 1474 1010 1539 rebus
1042 1470 1296 1555 orthographicis

143 1583 291 1648 codicum
314 1581 528 1647 uetustiorem
552 1581 773 1646 auctoritatem
803 1584 934 1646 secutos
957 1597 1029 1644 sum
1053 1597 1153 1662 neque
1177 1576 1297 1658 ubique

144 1688 365 1770 aequabilitati
398 1685 517 1752 studui.
551 1687 687 1772 Figurae
721 1686 938 1765 ecelesiarum,
972 1685 1088 1769 quibus
1120 1683 1297 1750 Adamnani

144 1795 316 1876 descriptio
347 1794 537 1872 illustratur,
567 1793 730 1876 desumpsi
759 1814 775 1858 e
804 1793 913 1859 codice
944 1791 1102 1868 Parisinm
1135 1810 1207 1856 nam
1241 1789 1297 1872 qni

143 1901 227 1966 hunc
247 1901 387 1984 scripsit,
402 1901 504 1966 multo
524 1902 703 1968 accuratius
724 1901 885 1984 archetypi
904 1899 1021 1983 figuras
1042 1897 1182 1982 depinxit
1199 1917 1296 1980 quam

144 2007 249 2072 scriba
272 2006 391 2071 codicis
411 2006 450 2083 Y,
475 2025 569 2088 quem
593 2006 778 2090 exemplaris
803 2007 855 2070 sui
879 2004 1105 2070 delineationes
1128 2021 1296 2069 exornasse

145 2117 176 2178 et
199 2113 415 2196 amplificasse
439 2113 562 2178 ostendi
586 2113 726 2177 Adomn.
751 2111 796 2174 Π
808 2133 844 2194 p.
867 2115 889 2174 9
911 2131 936 2177 s.

420 2305 553 2370 Baada
577 2303 695 2392 (saec.
722 2305 797 2370 VIll
820 2303 1014 2388 ineunte).

189 2429 314 2494 Baedae
341 2430 488 2494 libellum
517 2430 555 2495 de
582 2431 662 2495 locis
691 2429 821 2508 sanctis,
846 2449 919 2511 quo,
943 2428 1093 2510 quoniam
1120 2446 1156 2491 ex
1179 2427 1293 2492 Adam-

116 2554 235 2616 'nano,
263 2537 431 2615 Eucherio,
460 2537 645 2621 Hegesippo
674 2540 839 2620 excerptus
869 2541 902 2600 et
928 2535 1120 2618 compilatus
1148 2539 1208 2612 est,
1237 2534 1292 2617 qui

142 2641 206 2707 illis
240 2643 451 2726 scriptoribus
484 2644 533 2708 uti
565 2643 689 2722 uolunt,
722 2659 828 2706 carere
859 2661 921 2706 non
953 2643 1099 2724 possunt,
1132 2641 1223 2723 quasi
1259 2641 1291 2705 iu

143 2749 318 2831 appendice
342 2749 436 2815 edidi.
460 2751 506 2814 Ex
528 2769 644 2835 magna
666 2748 812 2814 codicum
835 2747 1000 2831 farragine,
1026 2765 1106 2829 quos
1129 2747 1166 2811 R.
1190 2747 1292 2813 Roeh·

142 2855 224 2920 rieht
247 2856 279 2919 in
304 2855 504 2921 Bibliotheca
525 2857 724 2922 Palaestinae
749 2855 923 2931 enumerat,
945 2853 1082 2936 primum
1106 2853 1235 2936 quidem
1263 2854 1292 2918 ei

142 2962 298 3027 eximendi
327 2968 411 3041 sunt,
436 2963 491 3046 qui
518 2965 693 3048 fragmenta
716 2964 841 3027 tantum
865 2961 1011 3025 exhibere
1034 2959 1161 3024 disertis
1184 2961 1291 3025 uerbis

143 3067 306 3146 dicuntur;
332 3087 368 3134 aa
390 3070 474 3136 enim
497 3071 666 3136 maximam
689 3072 810 3153 partem
835 3067 914 3132 nihil
937 3065 1025 3130 aliud
1048 3069 1125 3130 sunt
1147 3066 1206 3131 nisi
1232 3066 1289 3131 illa

142 3176 252 3240 relatio
278 3177 513 3259 compendiosa,
534 3195 628 3260 quam
646 3175 755 3240 Baeda
778 3195 815 3240 ex
838 3193 896 3240 suo
918 3175 988 3258 ipse
1005 3173 1116 3237 libello
1136 3174 1292 3256 excerpsit

142 3285 173 3346 et
196 3281 359 3348 Historiae
382 3283 627 3350 Ecclesiasticae
651 3281 755 3367 gentis
779 3283 956 3367 huglorum
978 3279 1000 3344 l.
1021 3280 1049 3344 V
1074 3300 1101 3345 c.
1127 3281 1167 3345 16
1191 3283 1223 3344 et
1248 3281 1288 3345 17

141 3387 287 3467 inseruit,
316 3390 406 3455 uelut
433 3390 492 3455 No.
521 3391 564 3455 23
595 3389 732 3474 catalogi
759 3386 1009 3464 Roehrichtiani,
1036 3387 1149 3470 fragm.
1177 3386 1290 3452 Herbi·

142 3496 272 3577 polense
302 3497 507 3562 montbeel.
533 3517 558 3562 s.
583 3497 638 3574 IX,
663 3497 747 3578 quod
770 3497 856 3580 typis
880 3495 1048 3577 exscripsit
1068 3493 1290 3559 Tohler-hloli-

142 3602 206 3666 niar
230 3623 261 3686 p.
286 3604 452 3670 235—37.
477 3603 610 3668 Accedit
632 3599 693 3668 No.
720 3605 769 3682 12,
793 3601 863 3666 cod.
886 3600 964 3666 bibl.
988 3600 1190 3684 municipalis
1208 3600 1288 3664 Lau·

142 3707 215 3774 dun.
235 3729 261 3775 s.
281 3709 336 3785 IX,
362 3708 399 3772 4⁰
422 3729 453 3792 p.
476 3711 539 3774 164
563 3729 618 3788 ss,
641 3709 701 3775 No.
722 3711 742 3772 2
767 3708 836 3773 eod.
859 3707 1091 3772 huenionensis
1113 3706 1198 3771 Mus.
1218 3704 1288 3770 Cal·

140 3821 204 3881 oet.
239 3836 263 3882 s.
296 3817 370 3894 XV;
407 3815 466 3882 No.
501 3815 534 3881 8b
568 3815 747 3898 Cantabrig.
781 3815 871 3898 Corp.
905 3814 1026 3880 Christi
1058 3815 1099 3878 66
1136 3832 1162 3877 s.
1195 3813 1286 3885 xlv,
1384 3845 1388 3852 ·

141 3921 199 3988 llo.
226 3925 279 3987 10·
303 3923 437 3990 Parisin.
463 3923 571 3988 15038
595 3943 620 3988 s.
645 3923 721 3986 Xlll
745 3922 800 3986 fol.
826 3921 989 3985 172-75.
1016 3921 1076 3985 His
1099 3919 1286 4003 fragmentis

141 4049 177 4094 eo
199 4030 328 4096 facilius
352 4048 456 4094 carere
479 4047 661 4112 possumus,
685 4028 770 4111 quod
794 4027 891 4092 codex
914 4024 1155 4110 antiquissimus
1178 4025 1287 4090 Histo-

139 4137 203 4202 riae
226 4136 482 4214 Flcclesiastieae,
505 4135 796 4220 Cantabrigiensem
821 4135 902 4212 dico,
921 4133 1046 4198 biennio
1070 4135 1145 4216 post
1162 4132 1286 4196 Baedae

140 4248 274 4308 mortem
302 4248 446 4307 exaratus
474 4243 524 4308 his
553 4241 700 4308 omnibus
728 4240 916 4324 antiquitate
948 4243 981 4304 et
1011 4241 1150 4323 puritate
1182 4240 1285 4303 multo

140 4352 288 4432 praestat.
