3125 4942
285 460 327 523 66
579 457 733 511 itinere
761 456 1129 525 Hierosolymitana

284 654 345 717 boc
373 652 464 717 nobis
492 654 576 717 ultra
605 672 693 736 spem
723 658 811 737 grate
840 653 920 717 satis
944 652 1060 729 euenit,
1090 655 1126 717 nt
1154 654 1280 717 sanctos
1305 656 1435 719 1111111

284 759 428 825 homines
453 760 512 823 Dei
539 759 711 825 monachos
740 763 1015 843 mesopotamenos
1043 758 1087 823 ibi
1116 759 1309 838 uideremus,
1339 762 1435 825 etiarn

285 872 318 931 11
345 885 410 945 111,
440 885 574 949 quorum
603 864 686 931 lama
714 866 768 931 uel
791 868 860 930 uita
882 868 976 949 longe
999 866 1196 944 audiebatur,
1225 886 1305 949 quos
1328 872 1435 932 tamen

285 990 346 1036 non
365 973 573 1037 aestimabam
592 991 642 1035 me
662 972 789 1055 penitus
808 992 903 1055 posse
926 972 1045 1050 nidere,
1068 992 1128 1037 non
1154 974 1228 1055 quia
1250 972 1435 1056 inpossibile

285 1084 372 1145 esset
393 1080 461 1145 Deo
487 1080 581 1144 etiarn
607 1082 639 1143 11
662 1079 722 1145 hoc
745 1083 906 1162 praestare
928 1080 1036 1157 michi,
1067 1078 1122 1163 qui
1146 1081 1253 1144 omnia
1274 1085 1434 1162 praestare
1470 1100 1481 1139 a

285 1186 484 1271 dignabatur,
528 1185 583 1249 sed
621 1184 695 1267 quin
732 1186 893 1250 audieram
929 1205 993 1262 eos,
1032 1205 1068 1251 eo
1106 1185 1191 1267 quod
1227 1190 1314 1251 entra
1350 1185 1432 1250 diem

284 1293 421 1377 paschae
441 1296 473 1357 et
492 1295 577 1356 extra
596 1292 679 1357 diem
703 1293 794 1364 hanc,
819 1312 878 1357 non
898 1311 953 1357 eos
978 1291 1166 1357 descendere
1190 1293 1228 1357 de
1250 1294 1331 1358 locis
1355 1292 1433 1367 suis,

285 1400 434 1481 quoniam
457 1399 538 1463 talos
563 1402 647 1474 sunt,
672 1401 710 1463 ut
734 1402 765 1462 et
784 1400 920 1463 uirtutes
944 1399 1062 1463 saciant
1080 1399 1209 1473 multas,
1235 1404 1267 1463 et
1286 1399 1433 1481 quoniam

172 1497 238 1589 [52]
285 1506 474 1584 nesciebam,
508 1524 569 1587 quo
597 1525 705 1570 mense
727 1506 731 1591 1
753 1508 840 1570 11111
867 1505 934 1570 dies
968 1506 1019 1570 hic
1051 1506 1204 1589 martyrii,
1238 1526 1333 1588 quem
1361 1506 1433 1570 dixi.

284 1614 395 1695 Itaque
411 1613 478 1677 Deo
497 1612 625 1677 iubente
646 1612 693 1676 sio
712 1612 829 1687 euenit,
845 1615 883 1676 nt
900 1612 940 1676 ad
959 1611 1054 1687 diem,
1069 1631 1163 1693 quem
1182 1630 1238 1677 nec
1258 1613 1434 1695 sperabam,
1457 1635 1481 1672 ro

242 1715 259 1777 7
284 1720 328 1785 ibi
352 1720 503 1784 uenirem.
545 1718 692 1783 Fecimus
718 1738 792 1803 ergo
817 1722 850 1783 et
871 1719 917 1782 ibi
940 1718 1073 1783 biduum
1098 1722 1225 1801 propter
1248 1718 1332 1782 diem
1354 1738 1435 1783 mar·

285 1826 358 1909 tyrii
383 1829 415 1890 et
436 1828 565 1907 propter
583 1826 740 1889 uisionem
766 1829 949 1890 sanctorum
971 1825 1112 1903 illorum,
1136 1827 1191 1908 qni
1215 1826 1335 1909 dignati
1361 1832 1436 1889 sunt

286 1933 326 1997 ad
353 1933 556 1997 salutandum
588 1932 700 1996 libenti
730 1933 809 1996 satis
837 1931 941 1996 animo
970 1952 1021 1996 me
1049 1932 1211 2015 suscipere
1239 1937 1272 1996 et
1303 1932 1434 2014 alloqui.
1548 1967 1549 2024 3

285 2039 317 2102 in
346 2058 408 2121 quo
437 2058 495 2122 ego
524 2058 585 2103 non
613 2038 765 2103 merebar.
809 2039 890 2103 Nam
919 2041 951 2102 et
978 2038 1041 2120 ipsi
1069 2040 1178 2103 statim
1196 2044 1271 2121 post
1293 2039 1436 2121 martyrii

287 2145 369 2210 diem
394 2164 451 2210 nec
476 2144 538 2209 nisi
564 2150 639 2209 sunt
661 2146 717 2223 ibi,
743 2145 800 2210 sed
822 2164 894 2210 mox
913 2144 951 2208 de
975 2152 1067 2209 nocte
1090 2146 1250 2227 petierunt
1271 2146 1436 2209 heremum
1456 2166 1479 2205 11

241 2248 320 2317 811
341 2252 563 2334 unusquisque
588 2270 695 2316 eorum
725 2252 919 2316 monasteria
946 2270 1015 2337 sua,
1043 2252 1097 2333 qui
1125 2252 1179 2315 nbi
1208 2251 1356 2315 babebat.
1399 2252 1435 2315 In

284 2359 353 2441 ipsa
374 2362 479 2423 autem
499 2358 630 2423 ciuitate
650 2362 735 2421 11111
758 2376 877 2439 pancos
897 2356 1028 2422 clericos
1049 2358 1081 2423 et
1104 2362 1232 2422 sanctos
1251 2358 1434 2422 monachos,
1548 2377 1549 2424 r

286 2466 313 2529 si
342 2466 396 2547 qui
424 2468 528 2529 tamen
557 2464 588 2528 in
618 2464 748 2528 ciuitate
777 2469 1021 2541 commorantur,
1049 2464 1176 2546 penitus
1205 2463 1331 2528 nullum
1354 2463 1435 2528 chri·

286 2574 425 2637 stiannm
448 2572 568 2647 inueni,
593 2570 648 2635 sed
672 2572 776 2635 totum
801 2575 912 2654 gentes
936 2575 1020 2635 sunt.
1061 2570 1145 2635 Nam
1170 2570 1255 2635 siout
1277 2589 1335 2635 nos
1360 2589 1434 2635 oum

286 2680 396 2761 grandi
414 2678 591 2743 reuerentia
610 2676 804 2741 attendimus
823 2678 931 2741 locum
949 2678 1052 2746 illum.
1077 2676 1132 2739 ubi
1151 2676 1299 2757 primitus
1320 2676 1433 2741 domus
1453 2702 1492 2740 eo.

286 2785 388 2849 sancti
415 2784 558 2848 Abrabae
592 2784 663 2861 fuit,
695 2803 751 2865 pro
781 2784 934 2847 memoria
960 2783 1060 2847 illius.
1089 2783 1135 2847 ita
1162 2783 1294 2847 1111111
1322 2786 1433 2866 gentes
1485 2759 1493 2871 J

285 2891 366 2955 forte
395 2890 433 2954 ad
461 2890 549 2955 mille
577 2908 691 2974 passus
721 2888 758 2953 de
788 2890 919 2953 ciuitate
943 2908 1017 2953 oum
1045 2888 1154 2971 grandi
1182 2889 1359 2953 reuerentia
1382 2889 1433 2953 ad·
1484 2876 1493 2946 1

241 2993 419 3061 9111111111
446 2996 564 3073 locum,
592 2996 649 3059 nbi
677 2998 752 3059 snnt
779 2995 949 3059 memoriae
978 2995 1063 3059 Naor
1091 2998 1124 3059 et
1150 2996 1350 3059 Bathulrelis.
1392 2998 1434 3061 Et

286 3103 433 3185 qnoniam
467 3105 634 3186 episcopus
671 3102 758 3165 illins
793 3101 934 3168 ciuitatis
972 3102 1066 3166 ualde
1102 3103 1279 3167 instructus
1313 3107 1362 3167 111
1395 3103 1433 3167 de
1547 3151 1548 3174 ,

287 3210 463 3293 scriptume,
491 3208 645 3291 requisiui
673 3208 711 3271 ab
741 3226 776 3271 eo
802 3208 925 3273 dicens:
953 3212 1094 3293 rogote,
1124 3208 1259 3285 domino,
1287 3210 1482 3273 1111111111,
1547 3191 1548 3280 1

287 3316 394 3393 michi,
419 3316 503 3399 quod
528 3314 670 3379 desidero
695 3314 812 3379 audire.
854 3316 895 3378 Et
917 3315 971 3379 ille
995 3315 1053 3380 ait:
1079 3314 1139 3388 dic,
1163 3315 1239 3394 filia,
1263 3316 1348 3398 qnod
1369 3316 1433 3398 uis,
1547 3303 1548 3380 Ϊ

287 3425 319 3488 11
343 3422 443 3487 dicam
467 3422 537 3500 tibi,
562 3422 589 3487 si
614 3421 690 3486 scio.
733 3420 820 3485 Tunc
845 3440 903 3505 ego
928 3422 1004 3485 dixi:
1029 3426 1176 3487 sanctum
1198 3422 1335 3487 Abraam
1360 3442 1433 3488 oum

287 3532 375 3611 patre
408 3530 508 3593 Tbaru
541 3532 573 3593 et
606 3528 697 3593 Sarra
730 3546 824 3591 uxore
857 3534 889 3591 et
921 3528 1002 3593 Loth
1035 3528 1139 3593 fratris
1171 3529 1237 3593 filio
1275 3530 1342 3594 scio
1378 3549 1434 3613 per

287 3635 458 3720 scripturas
491 3635 522 3699 in
552 3654 587 3701 eo
620 3635 690 3698 loco
719 3633 860 3702 uenisse:
893 3634 979 3699 Naor
1005 3638 1111 3699 antem
1139 3637 1193 3700 uel
1222 3636 1433 3701 Bathuhelem

286 3762 347 3806 non
370 3743 444 3827 legi,
468 3742 592 3826 qnando
616 3742 647 3805 in
666 3742 729 3804 isto
753 3741 824 3806 loco
844 3742 1034 3812 transierint,
1058 3743 1119 3806 nisi
1139 3743 1224 3825 quod
1246 3743 1308 3806 hoc
1326 3744 1431 3808 solum
1453 3768 1483 3805 :n

287 3849 363 3926 scio,
402 3849 475 3931 qnia
510 3848 714 3930 postmodnm
752 3866 830 3930 puer·
861 3849 993 3925 Abraae,
1029 3855 1066 3913 ut
1102 3853 1225 3933 peteret
1255 3850 1432 3915 Rebeccam
1482 3875 1488 3900 ·

1542 937 1550 998 1

376 4108 408 4160 27
430 4106 463 4161 cs.
484 4106 550 4161 Gen.
572 4108 612 4169 11,
633 4108 664 4161 31
722 4108 753 4161 31
776 4108 809 4161 cf.
830 4106 896 4163 Gen.
915 4108 958 4167 24,
978 4106 1020 4160 10.
1042 4110 1086 4166 15;
1106 4109 1149 4170 22,
1169 4109 1203 4162 23

321 4250 518 4319 lmtimabanr
534 4268 559 4317 A
606 4268 686 4320 Teos
707 4264 849 4321 delendum
869 4274 956 4319 cerract
970 4264 1146 4319 Cholodniol·
1193 4269 1226 4320 14
1243 4272 1390 4335 martyrum
1405 4269 1432 4322 A

287 4356 409 4423 martyrii
430 4354 605 4407 (1111οά1111·
662 4356 692 4409 17
713 4356 854 4409 ciuitatem
873 4354 900 4406 A
954 4355 1061 4424 14111]
1082 4360 1110 4408 et
1127 4357 1154 4407 A
