3125 4942
608 421 828 476 Praefatio.
1192 421 1295 488 XLffl

144 615 342 703 Roehricht),
362 636 441 681 enno
463 618 548 682 1753
568 617 640 682 ulbs
658 635 849 701 pergamena
866 615 1016 681 uestitus.
1042 615 1078 680 In
1096 615 1173 679 folio
1193 613 1294 697 primo

145 724 446 811 econglutinatore
474 724 582 790 addito
611 741 630 790 e
657 743 751 788 mann
781 723 902 788 saeculi
928 722 1022 787 XVII
1052 722 1294 805 scriptumest:

144 831 206 899 Ne.
237 837 306 897 486
341 831 483 914 Tkeeioq.
514 831 566 896 iat.
594 829 670 895 MS.
698 830 791 897 Ioan.
820 829 970 911 &abaci
1000 829 1202 893 Tirnaaiane.
1238 828 1297 892 Est

146 939 243 1004 codex
272 939 495 1005 miscellaneus
523 939 670 1004 foliorum
698 938 771 1016 178,
795 937 851 1020 qui
879 938 1019 1003 continet
1042 937 1198 1019 opuscula
1218 935 1296 1000 Bee-

146 1046 214 1124 dae,
238 1045 436 1130 Hieronymi,
459 1045 644 1130 Augustini,
668 1045 794 1111 Isidori.
819 1044 887 1108 Fol.
912 1045 1041 1108 10-17
1065 1043 1195 1108 libellus
1218 1043 1298 1107 Bae·

145 1151 203 1216 dee
228 1151 267 1216 de
290 1151 370 1217 locis
394 1153 513 1218 sanctis
537 1151 778 1234 quaestiouibus
803 1151 842 1215 do
864 1149 965 1215 ueteri
987 1136 1179 1216 testamento
1201 1150 1297 1215 inter·

145 1259 273 1341 positus
298 1263 361 1335 est;
386 1261 454 1325 sine
479 1259 573 1325 titulo
599 1260 645 1324 sic
663 1259 792 1342 incipit:
816 1257 982 1338 Descripsi
1003 1257 1140 1322 breuiter
1154 1257 1298 1341 finesque

144 1366 285 1450 situsque
307 1367 441 1431 acorum
466 1370 526 1432 ete.
546 1366 626 1432 Post
647 1366 789 1450 capitula
807 1368 923 1430 exstet:
943 1363 1132 1445 Enpliciant
1149 1363 1297 1445 aneon,

145 1472 259 1552 incipit
282 1471 359 1537 iiber
380 1475 419 1536 de
442 1473 515 1538 locis
536 1473 665 1538 sanctis.

189 1578 251 1642 No.
278 1581 321 1643 14
352 1581 581 1646 Ambrosianus
610 1581 658 1658 (A)
687 1580 721 1644 M
750 1581 792 1644 te
820 1599 892 1662 sup.
921 1597 946 1642 s.
976 1577 1019 1652 X;
1054 1577 1110 1642 sed
1136 1574 1341 1642 RobertusA

146 1685 265 1766 Kauer,
284 1687 335 1750 uir
353 1687 572 1762 doctissimus,
592 1686 646 1770 qui
665 1686 761 1751 huius
780 1685 855 1750 libri
873 1685 1028 1750 lectiones
1052 1683 1298 1767 diligentissime

146 1792 177 1855 in
201 1811 299 1857 usum
324 1811 430 1858 meum
453 1792 607 1868 enotonit,
627 1792 705 1857 mihi
728 1792 893 1875 inscripsit
910 1791 995 1855 hunc
1013 1789 1155 1855 codicem
1174 1788 1299 1854 miscel·

146 1899 274 1962 laneum
298 1903 437 1964 testante
461 1900 530 1964 uiro
554 1899 741 1965 doctissimo
765 1899 909 1973 Meroeti,
933 1897 1145 1962 bibliothecae
1167 1895 1299 1960 Ambro-

147 2005 253 2070 sianne
268 2007 461 2088 praeposito,
473 2007 660 2072 duodecimo
677 2006 804 2070 demum
815 2004 943 2069 saeculo
958 2006 1118 2068 excretum
1130 2021 1214 2077 esse3
1226 2021 1298 2065 narn

147 2111 201 2176 fol.
222 2109 302 2176 268⁵
320 2113 401 2198 legi:
425 2111 562 2178 Decreta
590 2111 709 2178 Urbani
729 2132 822 2192 pape.
847 2110 943 2174 Anno
965 2095 1043 2174 dnae
1064 2107 1300 2172 incarnacionis

147 2216 310 2282 millesimo
340 2218 451 2295 XCV3
484 2220 539 2285 fol.
568 2221 661 2284 269⁵:
695 2217 791 2282 Accio
820 2216 943 2281 concilii
961 2221 1078 2280 contra
1104 2214 1238 2279 heresim
1261 2215 1300 2276 de

148 2323 347 2392 innestitnra.
370 2325 466 2390 Anno
489 2325 771 2391 antinomatice
794 2324 845 2388 dei
866 2323 932 2388 mil.
961 2321 1075 2388 CXII.

191 2431 281 2497 Libri
303 2434 511 2518 manuscripti
534 2452 654 2512 ornnes,
678 2435 837 2516 quotquot
858 2431 937 2495 mihi
960 2430 1028 2496 noti
1052 2429 1192 2506 suntin
1216 2427 1297 2494 duos

149 2537 275 2602 ordines
295 2538 474 2616 discedunt,
495 2560 630 2622 quorum
649 2539 741 2604 alteri
760 2537 885 2603 codices
900 2536 1013 2602 APVU
1032 2534 1194 2601 tribuendi
1212 2537 1298 2598 sunt.

150 2645 291 2710 Alterius
336 2647 529 2711 recensionis
568 2647 699 2729 eiusque
739 2644 924 2709 recentioris
961 2647 1037 2708 sunt
1071 2641 1214 2724 plerique
1246 2639 1300 2704 alii

149 2751 233 2830 libri,
263 2772 396 2835 quorum
425 2754 519 2837 longe
547 2752 791 2836 antiquissimus
819 2754 870 2841 est
895 2749 940 2814 M.
978 2749 1078 2814 Cuius
1103 2749 1297 2813 recensionis

149 2859 310 2942 peculiare
333 2860 460 2944 signum
484 2871 543 2937 est,
564 2859 649 2942 quod
665 2859 763 2923 uerba
782 2857 912 2941 capituti
932 2857 963 2920 II
981 2855 1098 2920 mirum
1115 2856 1148 2920 in
1166 2855 1298 2919 modum

149 2967 345 3050 transposita
372 2970 462 3041 sunt;
496 2985 532 3032 eo
562 2966 644 3031 enim
675 2965 781 3030 ordine
809 2965 969 3046 leguntur,
994 2980 1088 3043 quem
1114 2961 1146 3025 in
1171 2959 1298 3025 adnota-

150 3073 236 3138 tione
266 3072 377 3136 critice
405 3072 444 3135 ed
481 3090 512 3153 p.
545 3073 621 3148 305,
649 3073 689 3136 10
719 3069 895 3152 designaui.
933 3065 1004 3146 Quo
1031 3067 1102 3131 loco
1135 3085 1192 3130 cur
1223 3065 1298 3130 ordo

150 3179 228 3244 adeo
247 3180 453 3262 perturbatus
473 3179 526 3256 sit,
542 3178 575 3242 id
593 3179 624 3242 in
644 3195 741 3243 cause
759 3177 860 3241 fnisse
879 3179 1020 3258 apparet,
1039 3173 1124 3256 quod
1142 3174 1173 3236 in
1193 3173 1300 3236 erche-

150 3293 227 3370 typo
256 3287 354 3351 huius
383 3285 576 3351 recensionis
600 3288 705 3350 textus
729 3284 833 3368 figura
855 3283 1008 3347 ecclesiae
1030 3280 1218 3361 interposita
1240 3280 1300 3344 hoc

150 3394 244 3459 modo
269 3393 467 3476 interruptus
491 3395 572 3456 erat:

657 3547 683 3600 p.
704 3530 764 3592 305,
785 3529 801 3582 9
928 3524 1057 3580 dominici
1074 3528 1155 3595 potue
1175 3525 1299 3577 ministre

173 3621 283 3676 Lancea
300 3619 398 3673 militie
1033 3613 1065 3667 In
1077 3613 1137 3666 loco
1147 3616 1238 3666 antem
1252 3613 1301 3665 illo

261 3710 312 3776 ill)
1152 3702 1188 3768 (Ι)

200 4147 299 4198 sancte
315 4141 378 4195 ioca
1036 4133 1182 4202 depingere
1200 4130 1302 4186 ourani.

150 4237 231 4289 extra
247 4235 370 4287 montem
391 4229 442 4296 (111
453 4235 480 4298 a)
956 4223 1009 4290 «ΙΙΙ
1018 4224 1048 4291 1))
1069 4222 1135 4276 Sion
1153 4238 1210 4292 pos.
1231 4236 1302 4274 cern.

196 4359 309 4427 Scriba
328 4357 429 4442 primo
449 4355 599 4440 spatium,
614 4354 699 4434 quod
719 4354 786 4416 erut
804 4351 844 4415 cd
864 4352 1021 4415 dexteram
1040 4349 1162 4430 partem
1183 4345 1302 4429 figurae
