3125 4942
248 463 293 529 IV
710 462 929 519 Praefatio.

248 657 412 723 Aretinum
437 658 573 722 contulit
596 658 645 722 Fr.
667 657 855 724 Gamuniui.
880 656 1005 737 Quibus
1029 661 1175 725 omnibus
1193 661 1272 725 uiris
1290 661 1394 726 doctis

249 769 281 828 et
310 765 336 828 si
369 765 422 846 qui
452 764 505 829 alii
538 784 588 828 me
621 783 713 848 opera
746 769 778 828 et
810 766 942 830 oonsilio
971 765 1160 831 adiuuernnt
1188 768 1306 851 gratias
1334 788 1393 853 ago

250 891 343 956 quam
367 871 528 937 maximas.

294 977 450 1057 Quoniam
473 977 550 1042 haec
574 977 612 1041 de
636 978 786 1042 uniuersa
807 977 903 1042 huius
928 979 1074 1043 editionis
1102 979 1207 1044 indole
1231 979 1394 1063 disputaui

250 1085 287 1150 ad
317 1085 515 1168 singulorum
543 1084 723 1150 libellorum
753 1084 897 1152 subsidia
924 1085 1035 1151 critica
1061 1087 1231 1150 enarranda
1257 1095 1392 1151 transeo.

522 1277 790 1343 Itinerarium
821 1278 1121 1362 Burdigalense

294 1420 373 1466 anno
404 1401 637 1467 (ΙΟΟΧΧΧΙΙΙ0
664 1401 702 1466 ab
731 1401 858 1466 homine
881 1401 1039 1484 Aquitano
1068 1403 1293 1486 conscriptum,
1317 1425 1394 1488 quo-

249 1509 331 1574 niam
347 1509 601 1590 antiquissimam
616 1507 756 1572 continet
773 1507 918 1572 locorum
937 1512 1118 1574 sanctorum
1138 1510 1393 1594 descriptionem,

250 1635 362 1700 agmen
383 1615 478 1680 ducat
495 1615 643 1679 itinerum
662 1614 1033 1697 Hierosolymitanorum,
1053 1635 1133 1698 quae
1153 1616 1212 1682 hoo
1231 1620 1394 1684 uolumine

249 1721 565 1803 comprehenduntur.
603 1720 707 1786 Codex
736 1720 978 1803 antiquissimus
1008 1726 1041 1785 et
1065 1721 1158 1806 longe
1190 1726 1394 1806 praestantis·

203 1823 230 1888 P
250 1829 350 1894 simus
372 1831 421 1892 est
439 1828 643 1904 Pithoeanue,
663 1845 745 1890 nuno
764 1826 929 1891 Parisinus
949 1829 1036 1892 4808
1055 1829 1118 1910 (Ρ),
1139 1849 1231 1911 quem
1252 1832 1393 1896 codicem

250 1936 488 2000 miscellaneam
518 1934 755 1999 accuratissime
785 1933 1020 2015 descripserunt
1045 1933 1185 2017 Partlaep
1216 1942 1244 2000 et
1271 1937 1396 2002 Pinder

250 2042 398 2108 editionis
426 2061 501 2106 suae
529 2061 559 2123 p.
588 2041 666 2106 Xlll
694 2043 726 2104 et
752 2040 897 2119 XXXIV,
927 2040 1038 2105 deinde
1065 2041 1107 2107 Α,
1132 2042 1225 2107 Riese
1252 2045 1284 2110 in
1307 2065 1395 2128 prae-

248 2149 365 2214 latione
403 2148 441 2212 ad
477 2146 677 2229 Geoprcpbos
713 2147 828 2212 latireos
862 2151 1008 2225 minores,
1041 2147 1254 2216 Heilbronaae
1290 2157 1394 2229 1878,

242 2277 278 2338 p.
305 2253 474 2320 XXXVI
498 2275 534 2332 a,
569 2256 608 2319 ct.
642 2255 736 2320 etiam
771 2255 935 2318 Todlcram
966 2255 997 2318 in
1030 2256 1192 2340 prooemio
1225 2257 1309 2337 libri,
1338 2259 1394 2341 qui

249 2362 434 2428 inscribitur
445 2361 647 2427 Palaestinae
662 2361 884 2441 descriptiones
902 2383 940 2424 ea
957 2363 1078 2426 soeculo
1095 2363 1122 2426 I
1124 2361 1178 2441 1⁷0,
1204 2362 1250 2425 V⁰
1269 2369 1297 2428 et
1321 2363 1393 2443 Va,

251 2467 295 2534 Sl.
329 2467 441 2532 Galles
469 2475 569 2534 1869.
598 2470 657 2533 Est
685 2467 782 2532 codex
804 2467 1063 2534 membranaceus
1087 2489 1170 2534 saec.
1193 2471 1296 2546 VIIII,
1320 2492 1394 2556 pars

251 2576 370 2640 codicis
398 2575 533 2640 Parisini
561 2576 659 2648 4808,
689 2575 743 2656 qui
772 2574 913 2638 continet
939 2574 1138 2640 itinerarium
1164 2577 1395 2661 Burdigalense

249 2682 335 2748 loliis
372 2685 494 2764 septem
532 2679 702 2758 eie-77¹3
741 2681 838 2746 codex
876 2680 1045 2765 diligenter
1085 2687 1229 2748 exaratus
1266 2703 1395 2750 manum

251 2789 435 2854 correctoris
459 2807 573 2871 passus
598 2789 707 2854 catab
732 2788 803 2870 ipso
824 2787 927 2852 scriba
946 2787 1103 2852 diuersam
1128 2792 1160 2852 et
1182 2791 1396 2856 recentiorem.

250 2896 318 2962 Fol.
353 2895 408 2960 72¹²
430 2895 624 2961 EXPLICIT
651 2895 949 2972 ITINERARIVM3
977 2897 1136 2977 seqnitur:
1163 2895 1215 2960 De
1243 2899 1394 2978 pentibus.

255 3001 371 3066 Gesner
396 3006 432 3066 ia
456 3003 561 3084 penest
589 3006 653 3078 ete;
684 3002 878 3084 adscriptum
909 3004 999 3066 esta
1028 3022 1123 3067 mauu
1149 3005 1334 3069 recentiore:
1358 3025 1398 3067 ea

250 3110 408 3191 opascalis
439 3109 545 3174 decipi
575 3110 748 3175 hieronimi.
782 3109 851 3176 Fol.
887 3111 942 3173 73·
972 3107 1025 3172 De
1047 3109 1246 3190 strennuitas,
1277 3109 1331 3176 73s
1358 3111 1396 3174 de

251 3217 415 3294 siccissimas,
449 3217 503 3300 qui
539 3219 694 3282 tractatus
733 3215 907 3280 clauditur:
944 3235 1033 3279 mare
1063 3235 1153 3280 saera.
1186 3222 1325 3282 caecias.
1358 3219 1395 3282 In

250 3325 334 3390 linea
356 3327 469 3409 ΗΙ
495 3324 637 3388 eiusdem
668 3325 803 3406 paginae
832 3327 965 3386 uacante
994 3323 1235 3405 scriptumest:
1260 3321 1311 3388 Dc
1332 3325 1398 3388 die-

249 3431 398 3496 rosolc'rna
415 3431 524 3494 relatio
542 3429 705 3496 cuiusdam
717 3429 850 3494 sincelici
862 3447 1002 3494 sermone
1020 3429 1197 3509 conposite.
1213 3430 1280 3495 Fol.
1298 3433 1396 3494 74·-

253 3541 308 3606 78·
336 3538 525 3602 Theodosias
551 3537 588 3600 de
616 3537 689 3600 locis
717 3537 844 3600 salictis.
867 3535 993 3617 Excipit
1015 3534 1047 3599 in
1072 3536 1180 3600 eadem
1203 3537 1319 3620 pagina
1343 3538 1399 3602 78·

253 3648 319 3711 sine
342 3645 438 3709 titulo
462 3647 616 3709 tractatus
646 3643 768 3708 duabus
798 3643 954 3708 columnis
983 3643 1131 3724 scriptus,
1156 3643 1247 3707 cuiue
1271 3643 1398 3708 initium

253 3759 315 3818 est:
339 3753 381 3816 ln
403 3753 577 3832 pronintiis
601 3750 770 3831 pullicenis
798 3771 879 3830 qaae
902 3753 1046 3814 cirritales
1068 3753 1142 3815 siat.
1171 3750 1240 3816 Fol.
1266 3752 1398 3816 66-79

252 3861 333 3925 inter
356 3878 389 3924 se
414 3860 575 3924 continent
598 3862 629 3922 at
653 3876 723 3921 erim
754 3858 792 3922 ab
821 3857 1080 3921 antecedentibus
1104 3860 1175 3920 tum
1198 3876 1215 3920 a
1240 3858 1399 3938 sequenti-

251 3967 312 4030 bus
332 3966 475 4050 partibus
494 3965 651 4049 scriptura
670 3964 867 4046 discrepant;
890 3966 964 4028 sunt
982 3964 1064 4043 eninq
1084 3964 1235 4045 reliquiae
1255 3964 1398 4028 eiusdem

252 4073 381 4151 codicis,
407 4072 498 4137 euius
522 4073 685 4154 quaternio
710 4071 815 4135 XXVI
835 4073 867 4135 et
886 4071 1008 4134 XXVII
1032 4073 1128 4148 erant,
1153 4069 1216 4134 duo
1238 4073 1400 4152 postrema

252 4181 328 4244 folia
351 4180 475 4244 abscisa
498 4182 582 4243 sunt.
607 4179 701 4242 Hune
726 4178 867 4244 codicem
890 4178 921 4242 in
945 4197 1051 4242 meum
1075 4197 1170 4242 usum
1195 4178 1331 4242 eontulit
1349 4177 1399 4241 uir

253 4288 365 4354 doctus
389 4286 555 4350 Florianus
581 4285 716 4368 Weigel.

297 4393 445 4478 Singulas
470 4391 634 4468 editiones
659 4392 810 4475 quoniam
834 4411 944 4458 omnes
969 4412 1004 4457 ex
1033 4391 1143 4456 eodem
1171 4389 1280 4456 codice
1305 4391 1399 4456 dure·
