3125 4942
280 469 345 532 264
574 464 730 520 Itinera
756 465 1132 534 Hierosolymitana

280 681 414 746 quorum
437 661 541 726 medio
567 661 706 744 campuli
725 661 906 742 interpositi
923 661 1088 736 habentur,
1107 659 1139 724 in
1160 659 1276 742 quibus
1295 678 1431 741 quorun-
1542 638 1543 683 I

280 768 352 832 dam
385 767 547 833 Cananeae
585 767 693 851 stirpis
731 767 980 832 homuncionum
1011 785 1109 850 prope
1140 767 1323 831 innumerae
1355 769 1432 832 suut

277 874 448 939 fabricatae
471 875 682 940 habitantium
706 873 831 939 domus.

672 1031 762 1086 XIIII.
781 1031 831 1085 ba
851 1030 1039 1087 GALGXLIS.

324 1140 474 1205 Arculfus
503 1160 596 1224 saepe
625 1143 819 1205 memoratus
848 1142 1005 1223 quandam
1034 1139 1183 1224 grandem
1206 1139 1376 1204 eeclesiam
1399 1139 1430 1203 in
1461 1161 1473 1202 s

281 1247 424 1330 Galgalis
452 1247 615 1312 fundatam
645 1247 728 1312 uidit
755 1266 793 1312 eo
821 1247 852 1311 in
880 1247 950 1312 loco
980 1249 1205 1324 constructam,
1230 1245 1260 1310 in
1285 1264 1349 1329 quo
1374 1245 1431 1310 filii
1544 1286 1545 1303 n

280 1353 379 1418 Israel
413 1351 543 1417 Iordane
579 1357 780 1436 transgresso
818 1356 922 1418 castra
958 1353 1070 1418 metati
1106 1353 1240 1435 primam
1277 1352 1311 1418 in
1349 1357 1431 1418 terne

281 1459 404 1524 Oanaan
427 1461 623 1525 mansionem
647 1460 797 1525 habuere.
1545 1414 1547 1565 Ι

280 1615 337 1671 XV.
362 1616 411 1670 DE
435 1616 628 1672 DVODECIII
651 1617 854 1680 malumus,
874 1616 969 1683 Qvos
991 1617 1080 1670 amn
1101 1615 1230 1672 Isaaau
1248 1617 1432 1672 TRANsvs·

282 1704 378 1760 DATO
406 1705 583 1760 IORDANIS
610 1706 743 1761 FLVVIO
773 1705 923 1761 SICCXTO
952 1705 1196 1761 DETVLERVNT
1220 1705 1431 1762 PROFVNDO.
1450 1723 1473 1762 ro

325 1813 361 1878 In
386 1833 448 1896 qua
471 1814 622 1880 uidelicet
645 1815 781 1880 ecclesia
803 1815 888 1880 idem
912 1817 1042 1880 sanetus
1062 1815 1212 1880 Aroulfus
1235 1815 1310 1881 illos
1330 1815 1432 1880 consi-

282 1919 406 1984 derauit
434 1920 597 1987 duodenos
624 1920 756 2003 lapides,
781 1921 820 1986 de
847 1922 964 2004 quihus
993 1922 1032 1985 sd
1054 1921 1150 1986 Iosue
1173 1921 1330 1987 Dominus
1358 1927 1434 2006 post

280 2027 450 2092 transitum
482 2027 625 2093 Iordanis
663 2029 792 2093 locutus
829 2031 880 2093 est
912 2028 1033 2094 dicens:
1077 2028 1192 2112 'alege
1234 2027 1433 2094 duodecim

281 2133 397 2212 uiros,
427 2134 604 2220 singulos
627 2153 693 2218 per
722 2135 896 2220 singulas
928 2134 1063 2214 tribus,
1092 2139 1129 2199 et
1159 2135 1336 2219 praecipe
1365 2135 1432 2212 eis,
1547 2112 1548 2199 I

281 2244 323 2304 ut
350 2242 488 2306 tollant
516 2241 559 2306 de
587 2243 709 2307 medio
741 2241 915 2307 Iordanis
943 2243 1067 2319 alueo,
1095 2241 1160 2306 ubi
1188 2241 1431 2308 sacerdotum
1451 2259 1474 2300 ιε

282 2350 474 2413 steterunt
505 2347 630 2430 pedes,
659 2348 857 2414 duodecim
891 2349 1119 2414 durissimos
1147 2348 1307 2431 Iapides,
1337 2368 1432 2432 quos

282 2454 432 2537 ponetis
466 2453 501 2519 in
539 2456 622 2522 loco
660 2457 883 2533 castrorum,
912 2455 977 2519 uhi
1010 2455 1178 2520 fixeritis
1215 2455 1283 2520 hac
1319 2461 1432 2521 nocte

282 2562 458 2627 tentoria.
496 2562 575 2641 Hos,
608 2563 748 2646 inquam,
780 2562 933 2627 Aronlfus
965 2562 1100 2641 uiderat,
1134 2582 1151 2627 e
1183 2563 1300 2646 quibua
1338 2582 1432 2630 senos
1548 2626 1549 2633 ,

281 2669 313 2732 ia
351 2668 478 2732 dextera
514 2669 668 2734 ecclesiae
704 2671 794 2751 parte
831 2669 863 2733 in
898 2669 1082 2751 pauimento
1114 2667 1254 2734 iacentes
1286 2673 1319 2734 ot
1351 2670 1432 2735 alios

283 2774 426 2840 eiusdem
454 2776 576 2840 numeri
604 2775 635 2840 iu
665 2775 839 2858 aquilonali
866 2794 975 2840 omnes
1001 2775 1152 2858 inpolitos
1180 2779 1214 2841 et
1243 2775 1326 2841 uiles
1359 2795 1432 2842 con·
1450 2793 1476 2834 ω

284 2881 399 2963 sperit3
428 2900 561 2964 quorum
588 2901 859 2965 unumquemque,
883 2885 920 2946 ut
942 2882 1010 2964 ipse
1033 2881 1130 2946 refert
1150 2880 1311 2958 MculIus,
1335 2881 1433 2946 huius

281 2988 435 3070 temporis
464 2989 526 3053 duo
554 2989 685 3054 iuuenes
714 2988 776 3052 uiri
802 2988 901 3052 fortes
930 2988 983 3051 uir
1009 2992 1146 3068 possunt
1173 2987 1212 3052 de
1243 2990 1327 3051 tenna
1358 2988 1432 3052 sub-

281 3095 398 3160 leuare.
422 3095 468 3160 Ex
490 3095 605 3178 quihus
629 3115 723 3174 unus,
748 3114 810 3177 quo
835 3113 911 3160 casu
936 3093 1097 3159 accidente
1121 3094 1272 3175 nescitur,
1296 3094 1432 3159 induas

373 3271 406 3324 13
424 3269 478 3324 Ios.
496 3270 522 3334 4,
542 3271 567 3326 2.
586 3270 603 3324 3

318 3404 334 3456 2
354 3404 526 3457 chananaeae
544 3403 572 3456 P
589 3419 741 3458 cannaneao
760 3405 788 3458 Z
804 3368 904 3457 cuddae
923 3419 993 3458 corr.
1013 3402 1107 3457 eodem
1124 3419 1159 3456 m.
1179 3399 1222 3455 Br
1314 3400 1430 3455 homoo-

282 3518 387 3572 tionum
398 3519 467 3572 PBr
480 3519 683 3584 homuntIorum
697 3518 725 3572 Z
763 3520 780 3574 3
794 3519 887 3574 inhab.
903 3519 972 3574 ZBr
1011 3521 1029 3573 4
1043 3517 1110 3572 XIII
1123 3519 1150 3572 Z
1163 3517 1262 3574 titulus
1275 3517 1393 3572 deestis
1407 3517 1433 3571 Z

282 3605 366 3660 XIIII
379 3607 421 3662 De
436 3605 559 3676 Galgalis
612 3607 660 3662 XV
671 3607 707 3663 Et
720 3607 754 3662 de
767 3607 909 3662 duodecim
923 3606 1070 3678 lapidibus,
1083 3623 1151 3676 quos
1164 3606 1214 3662 filii
1227 3605 1329 3660 israhel
1341 3609 1431 3660 trans·

282 3695 383 3750 usdato
402 3695 521 3751 iordanis
536 3697 618 3752 fluuio
633 3697 734 3752 siccato
749 3695 908 3752 detulerunt
920 3697 964 3752 Br
1021 3698 1037 3750 b
1056 3711 1138 3764 saepe
1152 3711 1204 3750 ona
1218 3695 1246 3750 Z
1298 3711 1362 3764 sepe
1375 3711 1432 3750 me·

282 3776 402 3866 moratds
416 3811 444 3865 P
496 3812 603 3866 coibit
617 3811 759 3868 fundatam
778 3813 807 3866 Υ
857 3811 989 3866 'iisrabel
1003 3813 1030 3866 Ζ
1080 3810 1211 3866 iordanna
1224 3810 1269 3866 Br
1317 3810 1431 3866 soum-

283 3943 336 3981 nan
356 3928 384 3981 P
401 3928 505 3982 chanan
524 3926 552 3980 Z
634 3893 734 3983 habore
757 3927 925 3982 mansionem
943 3943 1011 3982 corr.
1031 3929 1060 3983 2.
1077 3943 1112 3980 m.
1132 3926 1175 3980 ar
1196 3925 1364 3981 mansionem
1382 3925 1431 3980 Iru-

283 4015 347 4070 bere
366 4016 394 4070 P
444 4017 610 4072 apameno
628 4023 653 4072 et
672 4018 770 4072 titulus
789 4017 861 4071 deod
878 4017 911 4070 io
929 4016 1069 4071 codicibus
1123 4016 1156 4070 12
1175 4013 1298 4071 dodeuos
1321 4014 1349 4070 Υ
1404 4019 1432 4068 et

283 4105 359 4160 iosus
383 4106 412 4160 Y
427 4106 460 4160 ab
479 4106 555 4160 iosue
572 4105 617 4160 Br
668 4107 866 4176 postransitum
884 4105 928 4159 Br
983 4105 1016 4160 13
1037 4103 1109 4174 elige
1127 4102 1180 4157 tibi
1197 4103 1243 4158 Br
1297 4103 1330 4157 17
1349 4100 1431 4172 depo·

283 4195 356 4248 netis
370 4197 397 4250 Ζ
452 4195 488 4249 20
508 4211 616 4250 numero
632 4195 675 4250 Br
746 4211 894 4264 omnesque
912 4193 982 4248 YBs·
1035 4192 1168 4262 conspicit
1180 4192 1225 4246 Br
1237 4196 1260 4256 1,
1273 4207 1344 4248 corr.
1357 4195 1384 4245 2.
1396 4207 1431 4244 nr.

283 4283 364 4337 huius
383 4271 472 4354 tempr
489 4285 533 4338 Br
585 4284 620 4340 23
640 4282 786 4340 accedente
804 4282 858 4338 ΡΖ
929 4298 982 4353 quo
1002 4297 1066 4337 caso
1084 4280 1226 4336 accidente
1244 4281 1366 4336 nancitor
1382 4279 1433 4335 too

285 4371 484 4428 hendecadis
502 4373 545 4426 Br
