3125 4942
239 440 303 504 252
529 435 686 490 Itinera
713 434 1092 503 Hierosolymitaua

239 635 270 696 et
298 632 336 697 de
365 633 518 697 sermonis
542 631 652 708 forma,
677 631 731 715 qui
755 630 910 696 Matthaei
933 631 1135 714 euangelium
1157 629 1249 713 legit,
1272 627 1330 694 ubi
1353 628 1391 693 dc

239 737 374 802 Domino
392 737 462 820 ipse
482 740 709 803 commemorat
724 737 923 821 euangelista
937 736 1061 801 dicens:
1082 734 1245 801 Sedente
1264 736 1392 798 autern

239 864 279 909 eo
295 861 409 926 super
426 847 588 909 montem
609 843 753 909 Oliueti
771 847 1020 909 accesserunt
1038 844 1082 907 ad
1101 861 1185 908 eum
1204 839 1392 924 discipuli

239 953 388 1015 secreto
413 950 600 1016 dicentes:
626 951 697 1016 Dio
730 951 852 1029 nobis,
880 951 1027 1034 quando
1059 950 1150 1014 haec
1183 949 1315 1013 erunt?
1346 946 1393 1011 nt

240 1055 338 1140 qnod
357 1057 506 1142 signum
523 1057 712 1124 aduentus
726 1057 785 1123 tui
804 1062 844 1141 et
859 1056 1200 1124 consummationis
1220 1053 1390 1120 saeculi?
1421 1077 1434 1118 s

239 1164 287 1229 De
311 1166 453 1247 personis
475 1165 741 1250 interrogantium
764 1165 818 1230 hie
840 1165 1025 1231 Matthaeus
1048 1163 1159 1240 tacuit,
1183 1162 1240 1228 sed
1262 1162 1391 1227 Marcus

239 1291 301 1337 non
325 1275 421 1352 tacet,
449 1272 504 1356 qui
522 1272 567 1337 ita
587 1271 699 1337 scribit
717 1273 841 1338 dicens:
865 1271 1160 1356 Interrogabant
1183 1289 1266 1336 eum
1289 1285 1393 1350 sepa·

238 1379 349 1443 ratim
391 1379 527 1444 Petrus
569 1382 608 1444 et
644 1379 805 1445 Iacobus
843 1385 880 1445 et
915 1380 1101 1445 Iohannes
1139 1380 1177 1442 et
1214 1375 1391 1441 Andreas.

240 1483 365 1565 Quibus
388 1485 657 1570 interrogantibus
685 1486 878 1570 respondens
902 1486 1089 1570 qualitatem
1111 1484 1214 1549 habiti
1236 1481 1391 1549 sermonis

238 1593 326 1658 iuxta
353 1596 417 1658 tros
451 1594 597 1677 superius
631 1597 895 1658 commemoratos
928 1592 1142 1678 euangelistas
1175 1591 1317 1657 ostendit
1346 1589 1393 1654 ita
1410 1613 1433 1652 ιο

241 1698 389 1765 dicendo:
424 1699 569 1780 Videte,
597 1720 641 1765 ne
670 1701 753 1784 quis
781 1719 850 1766 uos
879 1701 1046 1765 seducat.
1074 1699 1189 1764 Multi
1213 1697 1311 1763 enim
1333 1715 1391 1762 ue·

239 1805 345 1871 nient
362 1806 398 1871 in
417 1807 566 1872 nomine
589 1826 670 1872 mec
690 1806 875 1885 dicentes,
895 1807 984 1890 qnia
1007 1825 1075 1892 ego
1100 1824 1180 1870 snm
1201 1803 1391 1879 christus,

241 1915 275 1976 et
302 1915 405 1977 cetera
432 1913 598 1996 sequentia
625 1913 664 1980 de
693 1914 878 1980 nouissimis
901 1914 1098 1997 temporibus
1122 1916 1155 1978 et
1178 1911 1299 1978 saeculi
1321 1929 1392 1975 con·

242 2019 464 2097 summatum,
484 2039 564 2103 quae
583 2019 766 2086 Matthaeus
780 2020 901 2104 prolixo
916 2039 1059 2084 sermone
1071 2019 1276 2103 prosequitur
1288 2033 1392 2099 usqne

242 2125 278 2190 ad
313 2145 385 2191 eum
417 2127 536 2204 locum,
571 2145 633 2209 quo
667 2131 699 2192 et
731 2125 770 2192 de
802 2129 945 2210 tempore
976 2126 1073 2192 huius
1106 2126 1275 2191 manifeste
1306 2123 1390 2189 idem
1410 2149 1432 2190 u

242 2233 440 2317 euangelista
468 2253 504 2298 er
532 2233 639 2298 uerbis
663 2233 791 2299 Domini
814 2235 965 2318 protracti
992 2233 1147 2299 sermonis
1180 2230 1321 2297 ostendit
1345 2230 1392 2295 ita

242 2338 365 2404 dicens:
390 2339 436 2405 Et
459 2339 600 2404 factum
631 2343 699 2416 est,
733 2358 816 2404 cum
849 2342 1150 2406 consummasset
1176 2338 1287 2404 Iesus
1319 2355 1391 2403 ser-

241 2464 368 2510 mones
383 2446 451 2512 hos
469 2465 606 2525 omnes,
618 2445 714 2510 dixit
728 2445 935 2531 discipulis
950 2447 1046 2512 suis:
1062 2444 1291 2528 Scitis‚qnia
1303 2447 1391 2528 post

241 2551 396 2618 biduum
414 2554 554 2638 pascha
573 2555 645 2620 fiet
664 2557 700 2620 et
719 2555 831 2620 filius
845 2555 1007 2621 hominis
1022 2554 1204 2632 tradetur,
1219 2555 1260 2617 nt
1276 2549 1390 2616 cruci·

240 2659 387 2744 figatur
401 2663 434 2725 et
447 2664 561 2727 cetera.
576 2661 694 2744 Aperte
709 2681 783 2745 ergo
801 2661 979 2727 ostenditur
992 2661 1165 2726 Dominum
1183 2660 1215 2724 in
1235 2658 1286 2724 die
1300 2677 1390 2741 quar-
1405 2683 1431 2724 so

239 2766 292 2829 tae
320 2765 416 2832 feriae
442 2765 540 2832 biduo
567 2769 706 2832 restante
735 2786 838 2851 usque
866 2769 906 2833 ad
932 2768 1066 2852 primam
1088 2784 1272 2851 azymorum
1294 2763 1388 2840 diem

240 2889 320 2952 quae
340 2871 457 2937 dicitur
474 2872 603 2956 pascha,
619 2891 715 2956 supra
734 2878 1018 2939 commemoratum
1037 2891 1215 2939 sermonem
1231 2871 1388 2957 prolixum

240 2977 280 3043 ad
298 2978 527 3064 interrogantes
545 2980 646 3045 fuisse
664 2981 810 3047 locutum
829 2985 966 3065 quatuor
984 2980 1183 3067 supradictos
1201 2979 1387 3063 discipulos.

240 3085 276 3150 In
317 3086 389 3151 loco
430 3087 539 3170 itaque
576 3087 677 3152 habiti
713 3087 803 3152 illius
840 3087 995 3153 sermonis
1032 3088 1179 3172 superius
1215 3088 1389 3151 memorata

23 3237 191 3385 s
328 3259 548 3358 enecuere
594 3295 792 3362 austerae
839 3296 869 3350 11
885 3296 1086 3365 nareraae
1125 3298 1158 3351 17
1171 3297 1387 3361 nemeaea

276 3456 288 3509 1
310 3453 343 3508 de
363 3461 428 3509 ante
446 3455 576 3510 sennonis
595 3471 646 3511 om.
665 3455 709 3509 Br
765 3456 864 3526 forma]
884 3461 973 3528 styma
985 3458 1013 3512 P
1064 3460 1082 3514 6
1100 3425 1298 3530 intergantium
1316 3475 1385 3516 corr.

239 3547 266 3598 2.
286 3559 322 3598 m.
336 3543 363 3596 Z
416 3545 538 3598 itaonit
556 3545 583 3599 Z
635 3545 755 3600 scribens
775 3545 843 3600 dicit
860 3546 890 3599 P
939 3545 1051 3601 8iacob
1069 3548 1201 3602 iohannes
1224 3547 1254 3602 Y
1304 3549 1387 3618 tiqui

238 3631 470 3700 interrogantibus
480 3631 523 3685 Br
567 3633 690 3687 habui?
727 3633 956 3702 10supraYZBr
990 3637 1230 3691 memoratosZBr
1265 3639 1300 3692 12
1310 3637 1386 3694 Chri·

239 3723 298 3773 etus
317 3736 368 3774 om.
393 3719 462 3774 YBr
536 3723 569 3776 14
588 3722 660 3791 quod
678 3721 805 3777 matheus
827 3723 857 3777 Y
922 3725 955 3779 15
974 3727 1003 3778 et
1020 3729 1129 3796 tempus
1147 3725 1190 3778 Br
1306 3725 1386 3780 huius

238 3809 369 3877 protracti
388 3811 518 3863 sermonis
536 3810 577 3864 sic
590 3811 686 3879 poereit
709 3811 777 3865 YBr
837 3813 871 3868 16
895 3813 936 3866 ita
954 3829 1005 3868 om.
1024 3813 1067 3867 Br
1123 3814 1296 3869 tuscanens
1319 3815 1386 3869 rur

240 3897 273 3950 18
288 3896 556 3967 discipulis—cetera
570 3915 620 3952 om.
636 3899 680 3952 Br
726 3901 758 3953 19
774 3903 803 3954 et
817 3901 967 3955 ontefilius
981 3901 1074 3957 om.Z
1143 3904 1206 3957 trad
1223 3903 1253 3957 Υ
1326 3920 1383 3958 cru·

238 3986 359 4040 ciflcatur
376 3987 404 4040 P
451 3988 486 4042 20
505 3991 602 4056 quarta
619 3989 687 4043 feria
706 3987 749 4043 Br
802 3991 835 4044 21
856 3991 940 4045 feriam
958 3991 1041 4045 biduo
1060 4007 1111 4044 om.
1131 3992 1159 4045 P
1210 3993 1326 4063 primurn
1343 3993 1385 4047 Br

237 4074 381 4128 azimorum
401 4075 480 4128 codd.
553 4075 624 4130 diem
643 4093 694 4131 om.
714 4078 782 4132 ZBr
836 4080 872 4132 22
890 4085 943 4149 que
962 4079 989 4132 P
1060 4079 1161 4134 dicitur
1176 4082 1279 4152 pascha
1296 4083 1386 4137 ΜΡ

235 4167 413 4218 memoratum
433 4164 459 4216 Z
512 4165 644 4233 prolixum
664 4181 813 4221 sermonem
838 4168 908 4222 YBr
956 4169 990 4224 23
1010 4168 1045 4222 ad
1063 4185 1114 4223 om.
1133 4170 1161 4223 P
1212 4175 1342 4240 rogantes
1359 4173 1386 4225 P

237 4251 270 4306 ad
291 4256 419 4322 quattuor
437 4269 503 4307 uoce
522 4253 555 4308 ad
575 4257 601 4307 2.
621 4271 655 4308 m.
674 4258 862 4325 moperecrr'pta
879 4257 922 4310 Br
1002 4260 1140 4328 apostolos
1158 4259 1187 4313 P
1238 4262 1274 4315 24
1292 4263 1383 4332 itaque

237 4341 271 4395 ab
289 4340 376 4405 illium
394 4347 459 4410 poet
479 4343 511 4397 ab
533 4344 642 4398 lucrm
660 4347 866 4400 nonnullarum
885 4347 1017 4402 litterano
1030 4365 1057 4402 m
1071 4349 1099 4401 P
1169 4355 1345 4405 memoratae
1363 4351 1391 4406 Υ
