3125 4942
616 377 862 432 adamnanus
1247 384 1314 448 273

162 567 277 624 XXIIII.
298 568 347 622 DE
365 567 449 622 ILLO
469 567 575 636 LOCO,
588 569 629 623 IN
649 568 721 635 Qvo
743 569 932 624 SALVATOR
951 569 1114 636 QVINQVE
1133 571 1251 627 PANES
1267 572 1313 626 ΕΤ

505 655 600 710 DVOS
619 656 819 711 BENEDIXIT
838 656 971 712 PISOES.

205 781 255 846 Ad
278 801 372 864 quern
394 781 502 846 locum
526 784 633 846 noster
655 801 748 865 saepe
772 786 966 848 memoratus
985 783 1131 865 peruenit
1149 783 1311 863 Arcadius,

161 889 253 954 ouius
281 889 435 953 herbosus
465 891 497 952 et
523 888 637 970 planus
662 907 803 970 campus,
828 907 864 953 en
888 889 1023 971 quadie
1047 891 1079 955 in
1104 911 1141 955 eo
1166 890 1313 956 Saluator

133 995 299 1077 squinque
327 995 416 1059 milia
443 994 583 1076 quinque
610 995 745 1078 panibus
770 998 803 1059 et
825 995 951 1060 duobus
974 997 1118 1079 piscibus
1142 999 1310 1075 saturauit,

159 1119 331 1182 numquam
347 1103 453 1164 aratus
469 1103 528 1164 est.
551 1100 587 1163 ln
603 1119 666 1182 quo
685 1101 772 1165 nulla
792 1105 963 1166 cemuutur
980 1103 1137 1173 aedilicia:
1158 1105 1309 1186 quasdam

160 1206 359 1272 solummodo
389 1207 551 1272 columnas
579 1225 697 1290 paucas
721 1207 871 1272 Arcullus
900 1209 1023 1292 aspexit
1049 1211 1191 1293 lapideas
1216 1230 1311 1294 super

159 1313 335 1398 marginem
357 1311 445 1377 illius
468 1311 616 1377 fonticuli
637 1313 787 1391 iacentes,
808 1315 846 1378 de
871 1334 933 1397 quo
953 1314 1001 1379 illi
1021 1317 1129 1381 eadem
1150 1317 1309 1391 biberunt,

159 1425 196 1484 ut
227 1421 337 1498 fertur,
370 1419 431 1494 die,
461 1439 523 1500 qua
552 1419 706 1484 Dominus
740 1421 915 1485 esurientes
953 1440 1008 1487 eos
1044 1422 1101 1486 tali
1138 1423 1309 1487 relectione

122 1551 143 1586 ro
159 1527 323 1594 recreauit.
367 1525 429 1606 Qui
458 1526 609 1590 uidelicet
636 1527 727 1591 locus
752 1527 832 1590 oltra
853 1547 939 1591 mare
963 1526 1104 1592 Galileae
1128 1532 1188 1606 est,
1211 1529 1309 1611 respi-

160 1634 246 1698 ciens
270 1633 435 1697 ciuitatem
453 1631 652 1697 Tiberiadem
676 1631 714 1696 ab
735 1634 867 1697 australi
885 1633 980 1716 plaga
999 1633 1060 1697 sibi
1080 1637 1308 1700 occurrentem.

522 1839 602 1894 XXV.
622 1840 671 1894 DII
691 1838 948 1894 CAPHARNAVM.

202 1968 264 2049 Qui
283 1968 321 2032 ab
336 1968 565 2051 Hierosolymis
585 1967 805 2031 discendentes
822 1965 1040 2050 capharnaum
1060 1967 1145 2033 adire
1164 1969 1307 2051 cupiunt,

158 2077 193 2138 ut
219 2075 370 2140 Aroulius
398 2075 503 2150 refert,
531 2093 587 2156 per
611 2073 810 2138 Tiberiadem
837 2075 891 2138 uia
919 2076 1041 2139 uadunt
1068 2078 1164 2151 recta,
1193 2074 1307 2137 deiude

118 2201 140 2239 u
158 2199 248 2245 secus
277 2183 381 2246 lacum
412 2180 570 2256 Cinereth,
600 2180 684 2262 quod
713 2184 763 2245 est
791 2184 823 2245 at
850 2199 935 2244 mare
960 2180 1136 2246 Tiberiadis
1165 2184 1197 2245 et
1220 2200 1306 2245 mare

158 2287 308 2366 Galilaea,
327 2289 498 2370 locumque
523 2287 670 2370 srrperius
694 2290 888 2351 memoratae
907 2286 1137 2351 benedictionis
1158 2287 1305 2369 peruium

156 2393 281 2470 habent,
315 2413 333 2458 a
366 2413 427 2476 quo
460 2413 517 2477 per
547 2394 721 2477 marginem
758 2391 900 2458 eiusdem
933 2410 1030 2473 supra
1067 2394 1305 2459 commemorati

156 2501 259 2584 stagni
289 2520 349 2566 non
376 2501 472 2585 longo
497 2500 632 2564 circuitu
657 2499 877 2582 Capharnaum
900 2498 1090 2580 perueniunt
1112 2500 1304 2564 maritimam

155 2608 184 2671 in
216 2607 334 2672 finibus
368 2607 507 2672 Zabulon
540 2610 572 2672 et
604 2605 776 2688 Neptalim.
820 2603 918 2683 Quae,
947 2609 984 2669 ut
1015 2605 1165 2669 Arculfus
1197 2607 1303 2684 refert,

112 2733 136 2772 ao
155 2715 207 2798 qui
222 2733 290 2779 eam
306 2715 343 2778 do
364 2717 470 2778 moute
489 2715 595 2779 uicino
614 2715 929 2797 p1·ospenit‚mumm
948 2731 1009 2778 non
1028 2712 1146 2776 habens
1167 2717 1303 2798 angusto

153 2820 234 2885 inter
256 2825 395 2886 montem
421 2829 452 2885 et
475 2823 624 2905 stagnum
649 2824 789 2884 coartata
808 2819 910 2903 spatio
929 2838 985 2902 per
1003 2819 1092 2883 illam
1110 2819 1301 2885 maritimam

243 3012 274 3065 le
293 3011 403 3065 Hieron.
425 3010 520 3065 Onom.
541 3027 566 3080 p.
588 3011 648 3079 111,
667 3011 701 3066 23

188 3135 321 3189 1XXIII
339 3135 368 3188 P
384 3159 418 3180 =
436 3133 513 3188 XXII
530 3133 556 3186 Z
573 3158 607 3180 =
626 3133 732 3188 XXIIII
751 3135 795 3188 Br
817 3135 916 3188 titulus
940 3135 1012 3188 deest
1030 3135 1061 3188 ia
1080 3136 1105 3188 Z
1194 3135 1241 3188 ubi
1260 3136 1303 3190 Br

152 3225 274 3278 dominus
293 3223 336 3278 Bi·
390 3222 478 3278 2duo
498 3225 525 3276 P
596 3225 684 3294 pisces
704 3223 845 3277 benedixit
862 3225 906 3276 Br
967 3223 1121 3278 darculfus
1139 3225 1305 3293 peruenitZ

149 3313 296 3368 derbosus
316 3312 360 3367 Br
447 3313 568 3367 saluatur
587 3313 614 3366 in
634 3329 665 3366 eo
690 3313 718 3366 Y
787 3313 804 3365 5
824 3313 941 3382 quinque
960 3329 1012 3367 om.
1031 3313 1092 3373 Br..
1110 3313 1159 3366 aed
1177 3317 1204 3366 2.
1223 3329 1257 3366 m.
1277 3312 1301 3364 V

149 3402 444 3470 suprascriptotorum
517 3402 653 3454 saturauit
671 3401 811 3454 hominurn
829 3402 872 3455 Br
943 3404 1064 3472 dnumq
1081 3401 1125 3454 Br
1201 3402 1229 3453 in
1249 3418 1302 3470 qua

149 3492 191 3545 Br
208 3493 284 3546 solies
338 3492 461 3546 leolum
479 3489 588 3544 modum
604 3507 636 3544 ea
655 3489 824 3544 solummodo
845 3506 914 3547 corr.
934 3493 959 3544 2.
976 3491 1051 3543 m.Z
1106 3491 1245 3559 conspexit
1258 3491 1301 3543 Br

149 3607 277 3662 Seadem
296 3623 330 3661 ea·
348 3623 440 3662 aarum
459 3622 528 3660 corr.
549 3610 576 3660 2.
595 3623 629 3660 m.
649 3607 692 3659 Br
764 3608 832 3660 eut
850 3605 935 3659 refert
953 3605 996 3659 Br
1082 3570 1163 3668 asotali
1182 3622 1245 3659 corr
1271 3610 1299 3665 2.

149 3714 182 3750 m.
199 3697 244 3750 Br
308 3695 340 3750 10
360 3699 452 3750 contra
470 3695 513 3749 Br
585 3693 696 3764 galllZ
761 3697 791 3749 11
813 3695 922 3765 plagaris
943 3696 986 3749 Br
1041 3695 1074 3747 12
1093 3693 1201 3749 XXIIII
1220 3694 1246 3746 P
1265 3719 1298 3740 =

149 3785 237 3838 XXIII
256 3785 281 3838 Z
298 3809 331 3833 .-.-
350 3784 423 3838 XXV
446 3786 485 3837 lir
504 3783 602 3836 titulus
621 3785 692 3838 deest
711 3785 743 3838 in
763 3784 788 3837 Z
871 3784 1033 3838 Cafarnaum
1058 3783 1086 3836 Υ
1158 3783 1189 3836 13
1208 3783 1298 3836 hieru-

148 3875 249 3928 solimis
273 3874 300 3927 I'
379 3872 574 3927 descendentes
599 3871 667 3926 I'Br
747 3873 903 3927 cafarnaum
927 3873 977 3926 I’Z
1050 3872 1082 3925 14
1102 3873 1174 3925 uiam
1193 3869 1299 3924 uadunt

149 3993 247 4044 rectam
265 3990 308 4042 Br
350 3989 382 4044 15
403 3990 506 4044 cineret
525 3989 551 4042 P
570 3954 684 4044 siderea
705 4005 773 4043 corr.
795 3993 821 4042 2.
841 4007 875 4042 m.
895 3989 922 4042 Z
959 3989 992 4042 16
1010 3988 1099 4041 locum
1119 4003 1236 4055 namque
1255 3985 1298 4039 Br

149 4121 194 4174 per
210 4071 283 4170 niffen
303 4121 373 4160 corr.
392 4110 415 4158 1.
434 4123 469 4158 ue.
489 4105 514 4157 Z
593 4107 625 4158 17
649 4106 792 4159 memorati
816 4104 885 4158 I'Br
959 4105 992 4158 18
1011 4102 1165 4172 staugniZ
1237 4119 1297 4170 per·

149 4199 278 4278 uenerunt
296 4195 339 4248 Br
445 4196 476 4248 19
496 4196 527 4247 ut
546 4193 631 4248 refert
649 4193 768 4248 arculfus
787 4194 831 4246 Br
933 4194 968 4246 20
987 4191 1125 4261 prospexit
1144 4191 1234 4244 uicino
1255 4191 1298 4244 Br

149 4285 179 4336 ul
200 4283 341 4346 cohartata
359 4283 386 4336 P
404 4283 556 4336 colanteta
575 4283 600 4336 Z
672 4283 762 4352 spatia
786 4281 813 4333 Υ

172 4409 306 4449 XXXVIIII.
322 4407 376 4447 Isiu.
393 4407 509 4450 Hierosol.
