3125 4942
590 490 634 544 ad
664 490 839 544 Siluium.

162 686 211 741 sed
235 686 317 757 plano
340 686 384 746 69,
403 686 448 739 21.
477 700 569 737 omnes
592 684 703 746 intrant,

163 774 213 829 sed
239 773 334 827 fideles
358 774 401 836 97,
427 772 469 827 18.
488 802 522 811 -
546 769 595 825 sed
614 774 642 824 et
660 771 703 834 51,

163 865 208 919 32.
233 864 276 927 72,
297 863 339 916 11.
363 862 407 925 73,
427 863 452 918 7.
472 862 515 925 77,
537 862 578 914 17.
598 859 641 922 83,
662 860 703 913 18.

1244 494 1308 556 415

768 684 794 737 9.
815 684 856 747 71,
876 684 918 737 25.
939 684 981 747 72,
1001 685 1026 738 2.
1046 684 1088 739 21.
1108 685 1152 750 75,
1171 684 1195 740 6.
1219 682 1263 745 87,
1285 685 1308 741 1.

768 772 812 835 88,
830 770 872 826 20.
888 773 1039 840 praecipue
1056 772 1087 825 in
1104 772 1241 839 formala:
1260 772 1307 825 be·

768 859 930 915 nedicuntnr
944 860 1133 925 cathecumini,
1148 863 1177 914 et
1190 859 1229 915 sio
1241 859 1308 915 fide·

162 952 209 1013 84,
228 952 252 1005 7.
281 951 325 1015 91,
346 951 386 1004 14.
413 949 456 1014 98,
476 950 520 1005 22.
546 948 605 1012 100,
625 949 650 1002 3.
671 978 703 987 -

162 1056 219 1093 non
243 1038 340 1101 solum,
364 1037 413 1091 sed
436 1040 464 1092 et
487 1038 530 1102 54,
549 1039 574 1091 9.
598 1038 641 1099 70,
660 1038 704 1092 24.

768 949 809 1003 les
832 949 876 1014 86,
895 952 921 1005 4.
947 950 989 1013 95,
1020 951 1061 1003 16.
1080 948 1124 1004 20.
1153 949 1198 1017 (oi.
1225 949 1308 1003 bene·

769 1036 897 1091 dicuntur
920 1018 1000 1101 eafh,
1020 1036 1192 1107 postmodum
1216 1038 1309 1093 fideles

767 1126 812 1188 85,
830 1126 871 1181 18.
895 1126 961 1180 item
980 1126 1075 1181 fideles
1093 1129 1137 1189 84,
1152 1130 1195 1183 24.
1212 1129 1255 1193 85,
1269 1130 1307 1193 5).

769 1215 808 1268 εἰσ
823 1238 857 1261 =
870 1216 929 1268 tum
949 1215 1034 1269 etiam
1051 1217 1094 1277 40,
1109 1216 1134 1273 8.
1149 1217 1194 1283 42,
1207 1217 1251 1272 28.
1264 1216 1308 1285 58,

770 1304 813 1359 11.
837 1304 879 1367 79,
900 1304 942 1359 19.
966 1306 1009 1369 90,
1029 1306 1053 1359 9.
1077 1306 1120 1369 94,
1139 1306 1183 1360 25.
1202 1307 1245 1370 95,
1266 1306 1307 1359 16.

769 1422 803 1431 -
824 1395 851 1446 et
871 1394 909 1447 sio
927 1394 971 1457 38,
987 1394 1029 1448 14.
1049 1396 1093 1463 58,
1108 1396 1134 1448 4.
1148 1394 1191 1459 65,
1209 1396 1249 1449 15.
1264 1395 1308 1460 69,

770 1483 794 1536 7.
815 1481 857 1545 72,
878 1483 903 1537 3.
922 1483 966 1535 24.
986 1483 1029 1539 27.
1049 1484 1091 1547 75,
1111 1484 1136 1539 7.
1155 1483 1199 1551 86,
1218 1485 1243 1538 4.
1264 1484 1308 1547 90,

768 1572 812 1625 25.
831 1572 875 1626 26.
905 1572 948 1633 91,
968 1574 993 1628 6.
1021 1572 1063 1635 95,
1089 1574 1113 1625 1.
1133 1570 1175 1626 20.
1196 1572 1238 1626 21.
1264 1572 1307 1633 96,

767 1660 812 1713 26.
827 1660 871 1713 28.
887 1690 919 1699 -—
940 1660 1033 1714 statim
1052 1660 1091 1715 εἰσ
1111 1660 1153 1725 76,
1173 1661 1197 1715 2.
1215 1691 1249 1701 -
1269 1662 1308 1715 εἰσ

767 1748 882 1802 inchoat
909 1750 1060 1819 opodosa'n:
1087 1754 1117 1804 at
1144 1749 1190 1803 nbi
1217 1753 1306 1803 autem

768 1841 845 1891 sexta
867 1837 933 1892 hore
958 1854 987 1891 se
1009 1838 1111 1899 iecerit,
1132 1839 1170 1892 εἰσ
1191 1838 1246 1891 itur
1263 1838 1307 1903 89,

768 1926 794 1980 3.
819 1957 850 1966 —
876 1927 923 1995 εἰσ,
943 1926 1168 1997 quemadmodum
1196 1927 1238 1990 90,
1263 1928 1305 1982 21.

768 2015 812 2077 91,
823 2016 849 2069 9.
860 2045 892 2055 -
908 2032 940 2069 ao
953 2015 1000 2081 εἰσ,
1016 2016 1098 2070 nesio
1111 2031 1174 2085 ergo
1189 2014 1254 2069 uide
1267 2032 1306 2069 ao.

163 1128 208 1192 71,
229 1129 271 1181 15.
290 1126 334 1189 80,
353 1125 459 1189 3082,
480 1126 523 1181 14.
546 1126 606 1191 100,
627 1126 668 1180 19.

125 1218 237 1272 sedere:
256 1216 335 1271 sedet
352 1232 445 1270 susum
464 1216 566 1279 72,12.
585 1213 705 1269 sedendo

163 1308 193 1361 in
212 1307 304 1361 asellis
323 1305 412 1359 subire
430 1306 530 1373 53,11.
551 1303 644 1359 sedete
656 1320 704 1359 uo·

163 1396 207 1451 bis
235 1397 278 1460 87,
302 1396 345 1452 22.
369 1424 403 1434 -
425 1394 474 1447 nbi
502 1392 628 1449 sederant
655 1392 704 1447 filii

163 1484 331 1547 lsrahe143,
350 1484 375 1538 6.
403 1483 481 1537 miles
506 1482 546 1536 ibi
565 1482 643 1536 sedet
660 1482 704 1549 61,

164 1575 208 1630 22.
226 1572 375 1627 monachus
393 1570 508 1626 sedebat
524 1572 552 1625 in
565 1571 705 1625 heremum

165 1662 210 1726 oo,
227 1663 268 1715 17.
284 1661 318 1715 of.
333 1663 376 1725 oo,
389 1661 432 1716 aa.
452 1646 589 1731 spelunea,
608 1660 637 1714 n
652 1674 705 1729 qn

164 1749 238 1804 sedit
256 1750 316 1819 ipse
330 1752 439 1803 sanetus
453 1748 497 1810 58,
509 1750 553 1801 24.
571 1748 619 1801 ubi
633 1746 705 1801 sedit

165 1856 187 1893 ε.
206 1838 301 1893 Helias
320 1839 363 1901 59,
379 1839 405 1892 4.
427 1867 458 1876 -
479 1838 503 1890 εἰ
521 1835 596 1890 aliud
615 1837 704 1890 animo

164 1926 269 1982 sederit
288 1927 330 1989 71,
350 1928 374 1980 7.

127 2016 198 2070 sella
220 2040 255 2061 =
279 2014 370 2069 Satist
397 2015 446 2082 (es,
474 2013 578 2069 Arebio
598 2014 625 2081 f.
654 2014 702 2067 iot.

163 2104 261 2159 Lenito.
285 2104 331 2158 VI
348 2106 420 2172 568)
440 2104 546 2171 39,18.
732 2103 881 2157 sient-ita
899 2106 928 2157 et
950 2104 993 2168 53,
1012 2104 1056 2159 23.
1076 2104 1118 2168 66,
1140 2106 1181 2160 19.
1201 2104 1244 2167 97,
1264 2104 1307 2157 26.

126 2194 226 2248 semel:
245 2193 425 2255 aseme157,
445 2192 488 2247 26.
508 2194 552 2256 63,
571 2191 614 2247 20.
732 2192 803 2245 siout
826 2195 854 2245 et
876 2193 919 2255 88,
941 2192 981 2246 12.
1005 2192 1049 2259 41,
1068 2192 1111 2247 20.
1138 2192 1181 2256 53,
1203 2193 1244 2247 12.
1263 2192 1307 2258 58,

126 2283 282 2353 septimana
298 2282 442 2352 paschalis,
458 2297 538 2352 qnam
552 2281 596 2335 hio
611 2281 703 2349 appel·
766 2282 793 2334 4.
812 2279 856 2343 60,
876 2282 901 2333 2.
926 2281 970 2343 63,
994 2282 1037 2333 24.
1059 2280 1101 2334 33.
1128 2280 1171 2343 67,
1194 2280 1237 2335 26.
1263 2280 1307 2347 78,

164 2373 225 2426 lant
247 2388 269 2424 s.
292 2370 379 2425 maior
400 2371 444 2434 82,
467 2371 511 2424 27.
530 2369 573 2423 28.
596 2369 640 2433 98,
662 2370 702 2422 12.
770 2369 811 2423 17.
831 2369 873 2425 23.
894 2370 937 2423 25.
957 2368 1000 2431 81,
1019 2369 1062 2423 20.

165 2462 208 2516 14.
732 2458 814 2512 sicuti
834 2460 862 2511 et
881 2458 923 2521 72,
942 2458 969 2511 4.
989 2458 1031 2523 73,
1050 2458 1075 2511 8.

125 2550 269 2619 sepultura
286 2572 321 2595 =
341 2548 420 2603 6νώ
439 2548 482 2613 53,
501 2547 544 2602 20.
731 2546 803 2600 siout
821 2570 854 2592 =
875 2546 970 2615 qualis,
991 2548 1122 2615 quantus:
1143 2544 1306 2599 monticulus

125 2640 274 2706 sequentes
291 2638 404 2691 inerunt
421 2638 464 2702 59,
483 2637 527 2692 22.
677 2631 691 2661 '
766 2636 856 2689 iaetus
875 2636 947 2689 siout
960 2635 1050 2690 solent
1064 2651 1122 2688 esse
1137 2634 1247 2689 tumbae
1261 2636 1304 2695 56,

125 2742 189 2779 aera
205 2748 241 2771 =
260 2724 360 2779 Abend
380 2725 423 2788 80,
443 2726 486 2779 25.
507 2725 549 2788 81,
569 2727 594 2779 5.
613 2726 657 2790 84,
677 2727 701 2780 9.
768 2724 810 2778 10.
837 2722 941 2777 habens
968 2724 1099 2795 impetum
1127 2723 1198 2777 siout
1222 2722 1306 2777 habet

163 2815 207 2880 90,
224 2815 264 2868 16.
280 2813 495 2882 92,10.93,14.
514 2814 627 2869 sabbato
643 2831 703 2870 sera
765 2812 865 2867 fluuius
884 2813 1013 2867 Roianus
1032 2814 1075 2877 61,
1097 2815 1137 2868 11.

162 2903 206 2967 39,
225 2903 250 2960 4.
270 2903 314 2966 42,
333 2902 358 2957 8.
373 2903 416 2957 26.
431 2902 475 2957 29.
495 2932 527 2942 -
547 2906 703 2958 noetesera
730 2902 856 2957 similiter
882 2906 914 2956 nt
937 2904 979 2967 92,
1002 2905 1045 2958 29.
1075 2920 1095 2959 a.
1119 2904 1190 2958 sieut
1212 2904 1254 2967 78,
1278 2906 1303 2956 4.

161 2992 206 3056 84,
220 2994 263 3048 26.
282 2993 350 3046 satis
369 3008 429 3047 sera
446 2991 500 3045 iam
519 2996 599 3047 noeto
618 2992 661 3057 85,
676 2996 700 3049 6.
766 2994 809 3057 79,
829 2994 872 3048 24.
892 2993 936 3057 84,
956 2994 998 3045 25.

125 3082 254 3135 sericum:
274 3085 349 3135 extra
364 3096 457 3135 aurum
472 3083 501 3135 et
518 3098 640 3151 gemmas
654 3084 703 3135 aut
729 3082 810 3135 simul
829 3098 888 3135 oum
907 3084 1081 3135 monazontes
1101 3082 1143 3145 71,
1165 3082 1205 3134 19.

161 3171 244 3224 sirico
263 3171 306 3231 76,
327 3171 368 3223 12.
729 3170 905 3239 singulariter
924 3195 957 3215 =
976 3170 1014 3223 im
1037 3170 1176 3223 einzelnen
1198 3170 1241 3233 96,
1260 3171 1302 3224 29.

123 3276 199 3312 sero:
229 3258 379 3329 quamlibet
397 3274 456 3313 sero
475 3257 513 3311 sit
531 3258 574 3322 84,
595 3259 636 3312 11.
656 3274 701 3312 us·
729 3258 888 3329 singulatim
907 3260 951 3322 44,
972 3259 1013 3311 15.
1033 3260 1075 3325 51,
1095 3258 1137 3311 28.

162 3364 215 3415 qno
240 3345 274 3401 ad
297 3362 356 3401 sero
382 3346 425 3411 90,
444 3349 469 3403 4.
497 3362 557 3401 sero
581 3347 623 3400 illi
643 3345 700 3401 dies
728 3347 763 3401 (le
781 3347 891 3401 sinistro
910 3347 953 3411 58,
973 3346 1007 3401 28
1031 3346 1111 3415 (sort
1132 3346 1249 3407 sinistra,
1269 3346 1302 3403 oi.

161 3437 203 3490 εἰσ
220 3434 399 3489 attenduntur
412 3436 456 3500 91,
471 3437 495 3490 9.
514 3435 597 3489 missa
615 3436 700 3489 serius
763 3437 807 3499 47,
829 3437 870 3491 13.
890 3436 933 3499 54,
954 3436 995 3489 13.
1015 3436 1058 3500 55,
1079 3436 1133 3501 11).

159 3524 194 3579 fit
213 3525 256 3589 79,
275 3525 319 3578 21.
728 3525 908 3580 sine=ue1:
927 3524 1031 3594 iegitur
1049 3523 1082 3578 de
1096 3524 1229 3593 apostolo,
1244 3524 1302 3577 siue

123 3630 173 3668 sen
194 3638 228 3660 =
247 3614 300 3679 nei,
329 3619 369 3668 et:
398 3630 446 3683 per
471 3614 625 3668 mansiones
652 3630 700 3668 seu
764 3613 798 3667 de
830 3613 953 3684 epistolis
986 3613 1168 3683 apostolorum
1195 3613 1240 3666 uel
1269 3612 1301 3666 de

161 3702 290 3757 ciuitates
314 3702 420 3772 aliquot
442 3702 486 3769 60,
509 3702 552 3757 30.
580 3702 701 3756 ostendit
764 3702 917 3757 actionibus
944 3702 987 3764 89,
1018 3702 1059 3755 10.
1086 3733 1118 3742 -
1148 3702 1301 3755 siue-sine

160 3808 209 3846 seu
227 3790 323 3845 retulit
341 3789 375 3845 de
393 3791 455 3845 illas
474 3794 579 3844 statues
597 3792 642 3858 49,
657 3791 698 3845 10.
763 3808 824 3845 oum
844 3792 1036 3846 coniunctium
1054 3791 1112 3845 siue
1127 3790 1228 3859 pluuia,
1243 3790 1300 3844 siue

158 3896 256 3951 ymnos
274 3896 323 3935 seu
342 3880 505 3951 antiphonas
520 3878 643 3934 dieentes
656 3880 699 3949 77,
763 3882 855 3933 aestus
874 3880 911 3932 sit
929 3879 972 3945 89,
992 3880 1017 3933 3.

162 3969 205 4023 14.
393 3976 396 3982 '
727 3967 847 4022 solitudo
867 3992 901 4013 =
920 3968 1057 4021 heremus:
1082 3966 1128 4036 qui
1151 3968 1179 4021 in
1203 3968 1299 4021 solitu·

122 4058 147 4111 si
160 4056 310 4126 porticula
326 4058 546 4125 anomoeusion:
564 4058 603 4110 εἰσ
616 4058 699 4111 inter·
763 4056 827 4110 dine
845 4056 977 4110 sedebant
994 4058 1037 4123 65,
1056 4055 1098 4111 28.

159 4148 252 4215 rogat:
280 4144 321 4208 ,Si
342 4144 430 4199 bonae
451 4146 526 4200 uitae
545 4150 587 4201 est
604 4146 657 4212 hio,
676 4146 700 4200 si
727 4146 841 4200 sorbitio
862 4145 894 4198 de
913 4142 1000 4199 farina
1019 4147 1062 4209 81,
1084 4146 1124 4199 11.

157 4232 319 4305 parentibus
338 4232 450 4299 deferet,
465 4235 488 4289 εἰ
505 4235 627 4290 ebriacus
644 4252 698 4289 non
727 4250 815 4288 soror:
848 4232 972 4287 dominae
999 4250 1103 4287 sorores
1131 4232 1300 4287 uenerabiles

159 4324 231 4379 esti'
251 4324 294 4389 96,
314 4323 357 4378 30.
762 4324 806 4388 65,
821 4323 863 4376 21.
879 4322 912 4376 oi.
931 4322 974 4385 98,
988 4324 1014 4376 4.
1033 4322 1130 4377 iratres
1150 4327 1178 4376 et
1196 4338 1299 4376 sorores

120 4415 161 4469 sic
176 4438 212 4460 =
226 4415 298 4467 tum:
319 4412 493 4468 antecedente
510 4413 638 4483 primum:
655 4413 697 4476 62,
763 4412 802 4476 (in
822 4410 941 4477 Christo)
961 4412 1005 4475 99,
1024 4412 1067 4465 24.
