3125 4942
287 455 350 519 228
591 451 746 505 Itinera
773 451 1149 522 Hierosolymitana

285 650 483 734 quaternales
505 652 612 732 portas
635 648 739 727 hahet,
759 647 819 713 hoc
840 650 889 712 est
908 650 1058 730 quattuor
1079 647 1240 730 introitus,
1258 666 1315 730 per
1335 651 1401 714 tres
1421 666 1437 711 e

285 757 413 841 regione
435 756 610 821 interiectis
634 754 759 819 uiarum
781 755 895 837 spatiis
920 755 1079 820 stabilitos
1098 756 1245 836 parietes
1265 754 1438 836 exquibus
1549 754 1550 793 ³

286 868 436 948 quattuor
459 863 561 927 exitus
586 860 624 926 ad
648 863 836 927 uulturnum
861 864 1016 945 spectant,
1041 862 1095 945 qui
1119 866 1152 926 et
1174 863 1295 927 caeciae
1320 860 1439 926 dicitur
1549 942 1550 945 Ἴ

284 975 411 1048 uentus,
435 969 490 1034 alii
512 989 588 1035 uero
613 971 763 1051 quattuor
786 969 826 1032 ad
849 988 961 1033 eurum
983 969 1165 1052 respiciunt.

329 1077 365 1141 In
393 1076 498 1141 medio
523 1077 626 1158 spatio
649 1077 745 1140 huius
770 1075 927 1140 interioris
950 1076 1102 1141 rotundae
1126 1077 1241 1142 domus
1263 1075 1437 1141 rotundum
1466 1095 1478 1132 s

284 1185 369 1250 inest
385 1185 418 1248 in
436 1203 499 1248 una
518 1183 690 1266 eademque
709 1186 799 1266 petra
817 1183 957 1248 excisum
975 1184 1148 1268 tegurium,
1168 1183 1198 1247 in
1219 1201 1282 1265 quo
1300 1185 1439 1265 possunt
1549 1204 1550 1257 3

284 1295 334 1356 ter
365 1291 444 1355 terni
477 1291 620 1355 homines
654 1292 775 1354 stantes
809 1308 906 1369 orare,
940 1292 973 1354 et
1004 1309 1023 1354 a
1054 1289 1175 1354 uertice
1206 1287 1342 1353 alicuius
1374 1307 1438 1352 non
1549 1274 1550 1303 ³

283 1398 392 1463 breuis
421 1400 560 1462 staturae
589 1397 702 1462 stantis
731 1397 869 1461 hominis
897 1415 999 1479 usque
1032 1395 1072 1461 ad
1103 1395 1193 1460 illius
1225 1395 1438 1460 domunculae

285 1522 441 1568 camaram
465 1521 521 1584 pes
545 1505 577 1566 et
600 1501 737 1583 semipes
761 1521 910 1567 mensura
931 1503 964 1566 in
989 1503 1090 1567 altum
1113 1501 1302 1568 extenditur.
1328 1500 1437 1565 Huius

284 1610 434 1696 tegurioli
452 1608 601 1674 introitus
622 1608 660 1672 ad
680 1609 833 1673 orientem
851 1609 993 1691 respicit,
1013 1608 1097 1692 quod
1117 1612 1222 1674 totum
1241 1607 1436 1673 extrinsecus
1456 1630 1479 1668 to

285 1719 386 1783 electo
409 1717 530 1802 tegitur
552 1735 718 1794 marmore,
743 1716 835 1780 cuius
861 1717 998 1781 exterius
1024 1735 1186 1781 summum
1209 1717 1336 1781 culmen
1360 1733 1436 1780 auro

285 1829 429 1890 ornatum
444 1842 570 1888 auream
585 1842 645 1888 non
660 1841 792 1905 paruam
811 1826 970 1888 sustentat
988 1842 1124 1888 crucem.
1148 1823 1185 1886 In
1203 1822 1300 1887 huius
1318 1821 1438 1906 tegurii

286 1931 453 2014 aquilonea
479 1932 568 2012 parte
598 1927 803 2012 sepulchrum
826 1929 956 1994 Domini
983 1929 1015 1993 in
1044 1929 1155 1994 eadem
1181 1932 1272 2011 petra
1302 1928 1436 1994 interius

286 2037 425 2102 excisum
452 2036 596 2113 habetur,
626 2035 682 2100 scd
710 2035 853 2100 eiusdem
880 2035 997 2119 tegurii
1028 2035 1248 2117 pauimentum
1280 2034 1436 2099 humilius

287 2146 336 2209 est
358 2143 428 2208 loco
454 2141 624 2224 sepulchri.
647 2142 731 2206 Nam
751 2162 768 2206 a
786 2141 970 2224 pauimento
994 2142 1062 2206 eius
1086 2161 1188 2224 usque
1211 2141 1251 2206 ad
1274 2141 1479 2223 sepulchris

285 2249 460 2334 marginem
489 2248 597 2313 lateris
627 2249 718 2332 quasi
744 2249 842 2313 trium
868 2267 1017 2313 mensura
1048 2247 1225 2313 altitudinis
1255 2247 1436 2330 palmorum

287 2355 393 2421 haberi
419 2354 626 2439 dignoscitur.
670 2353 722 2420 Sic
746 2355 826 2419 mihi
848 2355 1010 2434 Arculins,
1035 2357 1089 2437 qui
1112 2374 1206 2438 saepe
1229 2353 1436 2436 sepulchrum

285 2462 412 2528 Domini
436 2461 664 2543 frequentabat,
688 2461 903 2526 indubitanter
927 2480 1075 2527 emensus
1097 2459 1326 2544 pronuntiauit.

329 2569 400 2633 Hoc
426 2567 457 2632 in
486 2567 556 2632 loco
580 2569 755 2651 proprietas
780 2569 850 2633 siue
874 2569 1087 2652 discrepantia
1109 2569 1273 2633 nominum
1297 2567 1436 2632 notanda

322 2779 335 2830 1
356 2777 406 2831 tris
418 2777 445 2830 P
480 2778 497 2831 2
517 2794 531 2830 e
550 2778 661 2847 regione
707 2779 772 2832 litos
792 2779 918 2848 parietes,
932 2781 1019 2834 amba
1037 2781 1140 2835 omisso
1158 2779 1310 2834 interiectis
1328 2779 1434 2832 uiarum

288 2867 384 2937 spatiis
404 2866 476 2920 stabi
489 2866 645 2936 pallidiore
664 2873 819 2921 otranaeoeto
837 2870 1026 2938 superscripta
1038 2869 1142 2924 ⁸2th
1225 2867 1381 2922 interdictis
1392 2867 1437 2920 Br

286 2984 302 3037 3
321 2985 448 3052 spectant
465 2981 501 3036 ad
518 2982 654 3036 alternum
677 2983 706 3037 Y
757 2982 909 3038 adulterum
926 2985 955 3038 P
971 2987 1106 3039 alternum
1124 2984 1167 3040 Br
1229 2949 1346 3090 epecteit,
1364 2999 1435 3039 corr.

285 3103 307 3152 1.
322 3115 357 3151 m.
372 3097 414 3150 Br
485 3097 583 3153 calcias
596 3099 680 3153 ΡΥΖ
697 3100 793 3154 caltias
806 3100 851 3154 Br
868 3100 973 3154 caecias
989 3101 1099 3156 Gradere·
1137 3102 1155 3155 4
1174 3099 1210 3154 ali
1230 3102 1351 3169 quatuor
1364 3115 1434 3154 corn.

286 3191 313 3241 2.
331 3204 365 3240 m.
379 3187 423 3241 Br
494 3188 598 3257 eurum]
615 3204 706 3241 eorum
724 3187 754 3242 Y
800 3188 940 3243 sinicium
955 3189 1068 3257 capituli
1082 3188 1126 3242 llI
1141 3188 1183 3242 De
1197 3189 1282 3258 ipsius
1296 3189 1435 3258 sepulchri

285 3277 372 3344 ligura
387 3275 484 3329 eteius
499 3275 628 3346 tegurioli
642 3277 673 3329 ire
685 3277 735 3339 Br,
752 3277 850 3331 deinde
864 3277 962 3331 titulae
973 3279 1005 3331 ia
1020 3284 1121 3332 tactum
1134 3276 1258 3346 inrepsit,
1269 3293 1330 3332 curn
1342 3276 1433 3346 ipsam

286 3392 440 3458 capitulum
458 3391 601 3445 ordiatur:
618 3391 660 3444 De
680 3391 738 3445 eius
758 3392 893 3462 sepulchri
911 3397 990 3463 petra
1008 3396 1037 3447 et
1053 3393 1184 3462 tegorioli
1290 3359 1434 3457 rotunddrn

288 3495 357 3534 corr.
376 3484 452 3532 1.·m.
473 3479 516 3532 Br
560 3480 731 3549 6tegorium
749 3481 789 3535 ric
806 3497 910 3550 semper
926 3482 986 3535 ΡΥ
1028 3483 1174 3537 iterem.
1194 3481 1263 3536 ZBr
1309 3483 1435 3536 ticenae·

286 3611 343 3648 ram
361 3595 390 3648 Y
430 3595 462 3649 10
481 3595 608 3665 tegorioli
622 3594 682 3648 PY
695 3597 735 3648 sic
753 3611 857 3665 semper
898 3599 929 3652 11
950 3598 1088 3652 exterioris
1102 3597 1145 3651 Br
1187 3598 1220 3651 12
1239 3563 1435 3702 dnatumhcorr.

287 3713 313 3764 2.
333 3726 367 3763 m.
387 3710 430 3763 Bo·
483 3726 590 3764 auream
606 3727 658 3764 non
672 3727 755 3780 parua
770 3715 925 3765 sustentata
938 3729 1001 3766 cmx
1015 3713 1058 3768 Br
1112 3713 1306 3767 sustentaatP
1358 3713 1435 3778 tuine
1549 3738 1550 3741 ¹

287 3815 355 3851 corr.
375 3802 403 3852 2.
422 3799 514 3852 m.Br
552 3799 583 3852 13
603 3799 752 3868 aquilonali
772 3801 845 3853 aBr
898 3806 974 3870 parte
993 3802 1151 3872 sepulcriP
1187 3804 1219 3855 15
1238 3818 1324 3870 usqne
1342 3802 1436 3856 onaZ

288 3913 322 3966 ad
341 3913 512 3983 sepulchrum
528 3914 557 3968 Y
602 3916 634 3968 16
649 3921 714 3984 post
732 3933 857 3969 mensura
869 3916 913 3969 Br
924 3917 991 3971 dccc
1008 3917 1104 3972 habet:
1119 3936 1134 3972 a
1148 3884 1233 3988 pdlite
1251 3918 1332 3982 (corr.
1345 3921 1375 3971 2.
1389 3923 1434 3971 mi

289 4018 374 4070 usque
389 4002 423 4056 ad
439 4003 585 4056 auriculam
600 4003 754 4058 altitudinis
769 4006 919 4074 palmorum
933 4005 1032 4059 habere
1046 4007 1196 4061 dinoscitur
1232 4009 1265 4061 17
1281 4006 1436 4061 denoscitur

288 4091 339 4145 PZ
349 4090 498 4145 dinoscitur
516 4091 591 4144 YBr.
647 4092 715 4146 Post
729 4092 779 4146 icoc
792 4093 905 4146 uerbum
915 4100 954 4148 eet
966 4095 997 4146 in
1012 4095 1054 4148 Br
1065 4095 1179 4149 initiam
1192 4111 1252 4164 cop.
1266 4096 1346 4160 IIII,
1357 4096 1434 4149 cuins

287 4178 388 4232 titulun
401 4193 488 4246 supro
502 4179 619 4232 omiseras
634 4179 685 4232 litt.
701 4195 762 4233 uec.
774 4181 866 4234 rubrae
875 4181 906 4234 in
919 4181 1050 4248 inferiore
1062 4183 1187 4252 margine
1198 4185 1318 4252 scraptae
1331 4190 1383 4238 eat:
1392 4184 1433 4238 Dc

286 4267 334 4320 illo
353 4266 453 4335 lapide.
474 4269 518 4336 qui
535 4266 570 4320 ad
585 4267 684 4320 ostium
699 4269 868 4322 monumenti
883 4270 941 4323 eius
956 4269 1102 4324 aduolutus
1116 4276 1166 4326 est.
1221 4289 1302 4342 saepe
1322 4289 1373 4329 om.
1391 4273 1433 4326 Br

288 4355 321 4409 19
340 4354 399 4407 Hoc
417 4354 654 4424 in-sepulchrum
674 4371 725 4410 orn.
751 4355 778 4408 Υ
847 4374 895 4426 per
913 4358 1059 4429 prophetas
1076 4361 1105 4414 Z
1181 4362 1239 4416 siue
1257 4362 1312 4416 ΡΖ
1329 4364 1433 4419 uelBr
