3125 4942
604 475 851 532 Adamuanua
1231 481 1296 544 263

148 671 310 736 uehuntur
330 671 418 756 ligna
441 673 479 736 ad
502 673 590 738 focos
614 673 809 738 nutriendos.
846 675 882 738 In
906 673 1036 738 camelis
1058 672 1200 754 inquam,
1222 665 1297 737 nbm

147 781 177 844 in
202 778 290 843 omui
312 777 439 857 Iudaea,
464 783 500 844 ut
523 780 673 846 Aroulfus
696 781 803 857 refert,
822 781 967 863 plaustra
988 780 1042 844 uel
1064 780 1161 844 etiam
1184 797 1296 844 currus

146 905 215 950 raro
240 885 390 968 repperiri
412 889 558 968 possunt.

547 1077 623 1131 XIlI.
641 1078 690 1131 DE
710 1077 894 1134 HIERICHO.

110 1229 122 1268 ε
189 1201 340 1267 Hiericho
373 1201 472 1280 urbis,
505 1221 599 1284 quam
632 1203 723 1268 Iesus
751 1204 883 1270 Iordane
915 1203 1102 1268 transmisso
1136 1202 1296 1266 subuertit

142 1328 217 1392 rege
241 1309 328 1373 illius
352 1307 529 1390 interfecto,
549 1313 677 1374 sanetus
696 1315 804 1376 noster
821 1311 972 1375 Amulius
991 1309 1156 1392 conspexit
1176 1308 1294 1384 locum,

141 1435 198 1498 pro
224 1434 286 1498 qua
309 1414 373 1480 Oza
397 1415 434 1480 de
457 1416 571 1481 Bethel
595 1435 631 1481 ex
653 1417 740 1482 tribu
761 1417 891 1481 Effraim
916 1418 1009 1481 aliam
1035 1415 1178 1494 extruxit,
1198 1434 1293 1496 quam

141 1525 251 1586 noster
279 1523 420 1586 saluatur
453 1541 511 1587 sna
542 1523 722 1604 praesentia
753 1523 886 1588 uisitare
920 1522 1069 1606 dignatus
1103 1525 1161 1586 est.
1205 1520 1293 1602 Quae

141 1628 254 1692 eodem
277 1631 430 1709 tempore,
455 1647 517 1712 quo
536 1629 736 1694 Hierusalem
761 1628 897 1694 Romani
921 1631 1139 1714 obpugnantes
1163 1628 1294 1694 obsede-

98 1761 121 1798 u
138 1735 228 1813 bant,
257 1738 386 1818 propter
418 1735 536 1800 oinium
569 1737 732 1818 perfidiam
764 1740 858 1818 capta
886 1741 918 1800 et
945 1736 1100 1800 distructa
1129 1737 1188 1801 est.
1231 1735 1292 1798 Pro

139 1860 204 1923 qua
232 1842 326 1906 tertia
354 1842 481 1906 condita
509 1847 568 1921 est,
593 1862 673 1925 qnae
697 1845 772 1926 post
794 1845 897 1907 multa
918 1847 1099 1925 temporum
1122 1843 1294 1906 interualla

138 1949 267 2030 etipsa
289 1948 444 2014 subnersa
467 1951 526 2026 est,
551 1949 642 2014 ouius
666 1967 748 2014 nuno
774 1949 939 2032 quaedam,
959 1953 996 2014 ut
1013 1949 1163 2013 Aroulius
1186 1950 1292 2025 refert,

136 2054 301 2118 minarum
321 2055 459 2140 uestigia
477 2059 702 2121 monstrantur.
727 2057 845 2120 Mirum
865 2057 963 2134 dictu,
984 2057 1053 2120 sola
1071 2054 1185 2119 domus
1203 2055 1290 2118 Raab

136 2165 215 2244 post
245 2167 310 2224 tres
343 2162 374 2225 in
404 2162 513 2228 eodem
542 2163 612 2226 looo
642 2163 812 2228 distractae
842 2163 991 2227 ciuitates
1018 2161 1180 2239 remansit,
1209 2179 1290 2243 quae

94 2293 118 2331 ω
137 2269 219 2332 duos
250 2269 472 2351 exploratores,
502 2289 581 2352 quos
609 2270 683 2336 lesu
707 2271 773 2334 Bon
798 2269 870 2333 Nun
899 2269 1087 2346 transmisit,
1111 2269 1143 2332 in
1172 2266 1288 2331 solario

135 2375 282 2440 eiusdem
320 2375 433 2440 domus
471 2395 546 2440 suae
582 2375 639 2442 lini
676 2377 796 2458 stipula
831 2376 1007 2454 abscondit,
1044 2375 1136 2440 ouius
1172 2371 1288 2455 lapidei

134 2481 275 2564 parietes
303 2483 372 2546 sine
395 2482 534 2548 eulmine
557 2489 751 2567 permanent.
789 2485 892 2549 Locus
915 2501 992 2548 uero
1014 2483 1114 2546 totius
1136 2479 1225 2545 urbis
1248 2480 1288 2544 ab

135 2588 276 2652 bumana
303 2589 448 2654 desertus
476 2589 670 2655 habitatione
699 2591 820 2655 nullam
848 2591 979 2655 domum
1006 2590 1127 2653 babens
1149 2606 1289 2652 eommo-

133 2695 268 2760 rationis
293 2698 419 2779 segetes
439 2697 471 2760 et
488 2697 596 2760 uineta
613 2696 737 2779 reoipit.
761 2697 849 2760 Inter
866 2698 972 2762 looum
992 2695 1134 2760 eiusdem
1155 2693 1288 2757 distrue-

91 2825 117 2865 ιο
136 2805 188 2866 tae
214 2801 356 2866 ciuitatis
385 2805 418 2866 et
440 2802 592 2868 Iordanen
621 2803 756 2867 fluuium
782 2805 913 2887 grandia
939 2805 1048 2869 insunt
1077 2804 1227 2888 palmeta,
1256 2803 1287 2867 in

226 2991 372 3046 anieron.
393 2991 490 3048 Onom.
508 3010 534 3062 p.
555 2994 615 3058 131,
636 2996 668 3049 31
727 2995 832 3049 13102.
852 2996 878 3055 2,
899 2995 967 3049 1-—6

170 3117 359 3170 lueobuntnr
378 3117 406 3170 Y
474 3117 539 3170 flcoe
558 3118 587 3172 Y
656 3119 682 3170 in
704 3119 938 3172 camelisom.Br
1009 3120 1036 3173 in
1052 3120 1161 3172 camelis
1175 3119 1286 3188 inquam

131 3221 183 3258 om.
205 3205 233 3259 Z
304 3205 414 3274 inquam
433 3222 484 3258 om.
509 3205 537 3258 Y
596 3207 611 3258 3
636 3211 749 3276 possunt
769 3213 879 3260 sanctus
898 3213 991 3261 noster
1010 3208 1127 3261 arculfus
1147 3210 1286 3276 conspexit

131 3293 175 3348 er
267 3295 284 3347 4
313 3294 380 3347 XIll
399 3319 433 3340 =
453 3293 506 3348 XII
524 3297 551 3349 Z
572 3313 702 3349 uumerus
721 3303 759 3349 eat
778 3313 873 3350 eruens
890 3298 923 3349 iu
946 3298 978 3357 Y,
1004 3297 1103 3350 titulae
1121 3297 1193 3350 deest
1210 3297 1241 3349 in
1259 3297 1287 3351 Z

131 3385 147 3435 5
167 3383 280 3436 Hierico
298 3383 397 3444 urb3s,
418 3383 510 3436 littera
529 3385 538 3438 i
558 3401 641 3438 erasa
660 3385 702 3438 Br
783 3385 858 3438 urbis
877 3401 928 3439 om.
949 3387 976 3439 Z
1060 3402 1141 3454 qnam
1160 3401 1193 3438 ex
1212 3385 1284 3453 quod

131 3475 158 3524 2.
172 3489 210 3527 m.
226 3487 296 3527 corr.
310 3472 353 3524 Br
407 3472 423 3524 6
438 3472 590 3529 interserto.
603 3473 767 3540 posteriores
781 3479 915 3542 quattuor
929 3474 1038 3527 litterae
1049 3474 1081 3526 ln
1093 3489 1197 3526 rasura
1210 3479 1283 3535 mat,

129 3575 204 3628 paras
226 3561 351 3627 aequiter
372 3575 476 3614 rasura
499 3563 582 3615 trium
605 3563 761 3615 litterarum
779 3563 823 3616 Br
912 3562 1148 3616 sanctus-locum
1170 3577 1221 3616 eru.
1241 3562 1285 3614 Br

130 3650 146 3701 7
167 3648 237 3718 Oza]
254 3653 349 3702 eontra
367 3649 396 3702 Y
465 3649 557 3719 allam]
574 3651 653 3704 alieni
663 3651 691 3704 P
744 3651 760 3704 8
774 3655 868 3704 nostra
881 3651 956 3705 salue
970 3651 1013 3704 Br
1025 3656 1046 3704 1.
1061 3670 1105 3706 m..
1121 3667 1190 3704 corr.
1206 3654 1232 3704 2.
1248 3667 1283 3703 ru.

130 3737 208 3804 Quae
228 3753 280 3791 om.
300 3738 342 3790 Br
397 3739 607 3809 9temporeque
627 3738 721 3792 eodem
736 3741 779 3793 Br
843 3741 1032 3809 obpugnantes
1051 3741 1146 3794 orn.P
1197 3740 1282 3808 obpu-

129 3829 250 3896 gnantes
264 3826 368 3880 romani
383 3826 409 3879 Ζ
464 3828 496 3882 10
515 3830 624 3898 propter
642 3829 672 3880 tn
688 3828 714 3880 Z
727 3829 883 3897 pallidiore
901 3835 1056 3883 atramento
1069 3829 1291 3898 superscriptum

129 3948 168 3995 eat
243 3942 394 4011 peruidiam
412 3943 440 3997 P
503 3945 533 3997 ll
555 3947 678 4012 ternpore
697 3961 766 3999 corr.
786 3947 814 3998 2.
833 3961 867 3998 m.
887 3945 931 3998 Br
998 3947 1032 4000 13
1050 3945 1115 3998 raab
1133 3945 1282 3998 meretricis

128 4030 171 4083 Br
211 4033 244 4085 15
265 4030 401 4102 duosam.
422 4033 449 4086 Z
519 4033 657 4086 iosueBr
728 4033 924 4088 filiusnnnY
992 4037 1123 4089 mieitBr
1160 4037 1193 4090 16
1211 4034 1282 4103 lapi-

129 4118 198 4174 deae
217 4118 246 4171 P
309 4121 341 4174 18
360 4120 531 4174 habitatione
550 4139 618 4176 corr.
640 4127 665 4176 2.
685 4125 721 4178 ml
740 4141 774 4177 eoo
792 4124 849 4176 -uis
867 4124 910 4177 Br
982 4124 1076 4178 domne
1095 4125 1128 4185 Z,
1147 4123 1196 4177 secl
1212 4139 1281 4178 corr.

128 4209 225 4262 euclem
244 4225 333 4262 mauu
387 4213 648 4264 commemorationis
662 4213 696 4277 Z,
714 4212 828 4281 syllaba
846 4229 889 4266 me
904 4227 986 4266 aare
1000 4219 1039 4267 eet
1055 4214 1088 4266 iu
1100 4213 1143 4266 Br
1193 4214 1226 4266 19
1239 4213 1281 4264 ai·

128 4315 194 4350 neas
213 4299 320 4367 recepit
337 4297 380 4350 Ba·
442 4298 578 4354 destructe
598 4316 665 4354 corr.
687 4305 713 4356 2.
733 4319 767 4356 m.
788 4318 822 4356 ex
839 4300 971 4357 distructa
989 4303 1033 4356 Br
1086 4303 1120 4357 20
1138 4300 1280 4355 Iordanem

132 4387 186 4440 YZ
258 4385 373 4455 palmite
392 4387 435 4440 Br
452 4390 475 4456 1,
495 4403 563 4441 oorr.
584 4391 612 4442 2.
630 4405 665 4443 nr.
