3125 4942
219 1190 335 1272 Incipit
369 1191 521 1275 prologus
557 1190 645 1257 Petri
684 1192 807 1259 diaconi
840 1194 1021 1261 casinensis
1059 1196 1098 1259 ad
1131 1194 1326 1261 Guibaldum

179 1294 380 1361 casinensem
405 1300 436 1361 et
456 1296 676 1363 Stabulensem
701 1298 849 1366 abbatem
872 1300 904 1364 in
927 1300 1009 1365 libro
1034 1300 1072 1365 de
1094 1302 1175 1367 locis
1199 1302 1327 1367 sanctis.

221 1402 356 1468 Domino
390 1423 449 1469 suo
483 1422 519 1469 ao
547 1406 629 1489 patri
656 1406 688 1469 in
718 1404 845 1472 Christo
873 1407 1058 1481 uenerabili,
1076 1406 1245 1487 Guibaldo,
1278 1407 1328 1472 dei

179 1508 277 1593 gratia
306 1508 386 1573 sacri
412 1508 518 1575 Casini
541 1512 657 1575 montis
687 1510 804 1587 abbati,
832 1512 948 1577 Petrus
973 1512 1154 1579 casinensis
1178 1513 1328 1579 diaconus

152 1615 304 1683 adebitao
328 1615 523 1681 obedientiae
547 1616 749 1683 famulatum.

223 1720 347 1801 Quanto
377 1724 561 1807 cupiditatis
589 1724 672 1809 igne,
700 1728 792 1805 pater
818 1725 850 1789 in
875 1725 1002 1792 Christo
1030 1726 1217 1805 uenerande,
1246 1746 1329 1792 exar-

180 1828 273 1893 serim
307 1848 344 1893 ac
379 1830 464 1913 quali
493 1834 652 1913 quartoue
680 1831 847 1910 desiderio,
876 1836 914 1897 ut
940 1850 999 1898 uos
1028 1832 1226 1917 omnipotens
1250 1833 1329 1898 dens

180 1933 217 1999 de
240 1934 383 2001 aduersis
404 1937 548 2020 eriperet,
572 1938 798 2021 eroptauerim,
822 1938 928 2020 ipsum
947 1939 1042 2003 deum
1064 1938 1179 2005 inuoco
1201 1942 1328 2016 testem,

180 2059 273 2122 quom
301 2042 418 2107 mentis
448 2043 564 2121 abdita,
599 2064 691 2127 quem
721 2044 931 2111 conscientiae
961 2045 1086 2111 occulta
1114 2063 1175 2112 non
1203 2045 1329 2122 faliunt,

141 2180 170 2217 lo·
182 2149 235 2232 qui
260 2152 291 2213 ot
315 2148 353 2214 de
376 2150 455 2231 ipsis
480 2150 575 2215 animi
599 2150 741 2217 motibus
760 2153 886 2235 generis
909 2152 1026 2216 arbiter
1045 2151 1184 2217 creditur
1201 2154 1329 2219 tuturus

181 2255 320 2321 humani.
355 2256 418 2322 Sed
442 2258 517 2340 quia
538 2258 627 2323 iuxta
649 2259 821 2343 prophetae
845 2259 986 2343 elogium
1008 2258 1047 2322 in
1071 2278 1187 2324 manu
1211 2259 1330 2325 homi·

180 2382 270 2427 num
294 2382 369 2428 non
394 2367 458 2429 est
481 2364 667 2439 aiecius,
691 2383 763 2429 nec
782 2364 828 2429 ab
851 2364 1021 2441 homine,
1047 2365 1115 2431 sed
1134 2365 1329 2431 adomino

180 2487 346 2552 gressus
370 2470 547 2536 hominis
572 2470 820 2556 diriguntur,
850 2472 967 2538 nostris
994 2471 1028 2537 id
1050 2471 1243 2537 facinoribus
1267 2473 1328 2537 eri-

178 2575 326 2659 gentibus
355 2594 415 2641 non
446 2580 495 2641 est
523 2576 652 2653 factum,
686 2576 770 2659 quod
799 2577 938 2641 bumana
966 2577 1103 2642 auiditas
1134 2578 1328 2661 concupiuit,

137 2707 160 2745 a
178 2682 232 2747 sed
265 2700 345 2765 quae
379 2682 457 2748 deus
486 2683 603 2748 arbiter
629 2683 752 2749 meritis
781 2683 929 2749 humanis
958 2688 1136 2768 competere
1159 2684 1329 2759 iudicauit;

177 2808 246 2853 nam
285 2808 357 2853 oum
396 2789 537 2854 omnium
570 2808 740 2872 prauorum
779 2795 944 2875 grassante
976 2792 1142 2873 impietate
1176 2791 1330 2857 ecclesiae

177 2894 226 2959 dei
259 2898 363 2961 status
397 2894 514 2961 cotidie
546 2896 732 2963 labefactari
761 2902 908 2963 cernatur
931 2901 963 2962 et
985 2897 1060 2974 fere,
1084 2903 1122 2963 ut
1144 2899 1190 2963 ita
1214 2898 1327 2977 dicam,

176 3002 282 3066 nullus
307 3002 461 3067 aduersus
488 3020 542 3067 eos
567 3002 707 3087 insurgit
729 3022 786 3087 pro
810 3004 903 3068 domo
926 3004 1049 3068 Israhel
1073 3004 1189 3086 partim
1212 3023 1329 3081 amore,

166 3108 287 3192 partim
317 3108 432 3173 timore
460 3108 671 3173 saecularium
699 3112 909 3193 potestatum:
939 3109 1058 3176 idcirco
1087 3113 1242 3195 augustae
1265 3130 1329 3175 me-

133 3238 159 3281 ac
175 3215 291 3279 moriae
320 3214 467 3281 domiuus
501 3220 609 3281 noster
636 3216 807 3300 imperator
842 3216 1012 3282 Lothan‘us
1048 3220 1188 3282 uestram
1231 3217 1329 3282 beati·

166 3319 316 3385 ‚tudinem
345 3322 376 3387 in
402 3321 566 3388 Oasinensi
595 3324 726 3389 cenobio
754 3322 904 3388 abbatem
931 3322 1083 3398 instituit,
1112 3326 1219 3400 uteo,
1248 3342 1329 3406 quae

174 3427 213 3491 ad
229 3428 456 3493 correctionem
476 3428 631 3494 malorum
648 3432 680 3493 et
699 3431 836 3495 salutem
854 3430 1010 3495 bonorum
1027 3430 1172 3508 attinent,
1185 3429 1328 3494 ,sollicite

174 3552 210 3599 ac
233 3533 404 3619 diligenter
430 3538 640 3617 pertractares
671 3539 704 3601 et
727 3536 894 3601 effrenatos
917 3536 1089 3601 refrenares
1113 3554 1150 3600 ae
1174 3535 1328 3619 superbos

174 3638 371 3718 humiliares,
396 3645 553 3724 quatenus
572 3648 759 3726 recuperata
781 3643 907 3708 iustitia
925 3645 958 3707 et
979 3645 1157 3708 restaurata
1173 3642 1328 3727 religione

133 3769 156 3810 re
175 3749 284 3813 coetos
318 3748 553 3815 ecclesiasticus
585 3749 647 3814 sibi
679 3750 764 3815 iuste
795 3768 832 3814 ac
858 3748 1106 3814 misericorditer
1138 3748 1257 3814 seruire
1291 3768 1326 3813 ao

174 3872 228 3934 pro
247 3854 382 3919 Romani
401 3854 525 3939 imperii
545 3858 630 3921 statu
655 3856 705 3920 dci
731 3856 956 3937 omnipotentis
981 3856 1179 3920 elementiam
1202 3874 1326 3920 exorare

174 3965 275 4042 queat.
316 3959 405 4025 Unde
429 3980 490 4027 non
514 3962 673 4027 immerito
697 3962 734 4027 ab
761 3962 908 4027 omnibus
936 3962 1044 4045 probis
1068 3980 1103 4027 ao
1127 3961 1324 4045 sapientibus

263 4153 293 4206 11
315 4150 411 4206 larem.
432 4152 475 4215 10,
494 4152 529 4207 23
586 4153 619 4206 la
638 4152 766 4207 Prouerb.
786 4154 831 4222 20,
850 4154 885 4208 24

211 4274 404 4345 ldpaconiC
441 4275 567 4331 BCrieto
589 4274 669 4331 Gaio
686 4292 791 4347 seraper
835 4274 1053 4347 tdyaconusO
1090 4276 1122 4332 16
1142 4274 1325 4332 crassanteO

177 4368 314 4431 &meante
336 4363 504 4419 Gamcrrdm'
