3125 4942
292 469 428 534 XXXVI
750 463 969 518 Praelatio.

291 663 405 728 ceteris
434 661 597 726 codicibus
627 680 685 725 sua
713 661 829 742 cuique
855 661 937 725 libro
967 659 1153 742 capitulatio
1181 660 1357 741 praemissa
1388 659 1440 723 sit.

290 769 410 833 Maiora
435 772 542 834 aulem
561 766 622 832 lide
645 767 677 831 in
701 767 759 831 bac
784 786 817 831 re
835 767 914 832 PYZ
939 766 1052 851 dignos
1078 785 1148 833 esse
1173 785 1268 848 quam
1286 767 1331 831 Br
1354 769 1443 850 patet

291 895 362 942 cum
392 895 427 940 er
456 877 553 940 altero
582 873 757 938 Adamnani
787 893 890 956 opere,
915 893 932 937 e
956 873 1024 937 uita
1053 872 1236 950 Columbae,
1261 873 1292 937 in
1322 891 1384 954 quo
1409 877 1442 936 et

288 983 359 1064 ipso
392 1001 483 1046 suam
517 980 653 1063 quisque
685 979 814 1044 libellus
849 980 1108 1063 capitulationem
1136 999 1210 1062 prae
1239 999 1273 1044 se
1300 981 1363 1044 fert
1385 979 1440 1062 (cf.

289 1087 430 1152 Adoreo.
448 1086 468 1149 1
485 1107 519 1170 p.
545 1089 589 1150 34
612 1086 677 1172 ss),
701 1087 770 1151 tum
795 1106 832 1150 ex
855 1106 902 1166 eo,
928 1085 1012 1168 quod
1036 1087 1131 1150 etiam
1154 1088 1187 1150 in
1205 1087 1266 1152 hoc
1285 1087 1441 1169 opusculo

289 1198 362 1259 ante
390 1194 519 1258 tertium
549 1195 632 1258 certe
660 1192 806 1258 libellum
836 1193 933 1257 codex
959 1193 1003 1257 Br
1031 1192 1290 1274 capitulationem
1314 1193 1440 1275 repetit.

289 1300 389 1365 Tituli
413 1303 520 1364 autem
543 1300 575 1363 in
599 1299 658 1364 boc
683 1299 829 1364 codicum
853 1317 965 1384 genere
988 1298 1035 1363 ita
1057 1305 1128 1363 anto
1152 1299 1278 1383 singula
1300 1299 1467 1395 capitula·

288 1409 485 1490 repetuntur,
509 1409 547 1469 ut
569 1422 808 1486 nonnumquam
831 1404 894 1469 duo
918 1406 970 1469 uel
994 1407 1043 1470 ter
1070 1405 1384 1488 comprehendantur,
1407 1405 1440 1468 in

290 1513 403 1578 ceteris
432 1531 507 1578 uero
536 1511 627 1576 libris
656 1511 842 1593 plerumque
870 1510 986 1575 desunt
1013 1514 1045 1575 et
1072 1513 1212 1576 numeris
1240 1516 1365 1578 tantum
1388 1513 1442 1576 lit-

288 1621 429 1702 terisque
452 1618 628 1682 initialibus
654 1617 868 1700 designantur.
895 1615 965 1695 Qua
982 1617 1013 1681 in
1033 1637 1066 1682 ro
1085 1618 1181 1682 huius
1205 1618 1344 1683 familiae
1368 1637 1440 1684 con-

289 1725 490 1792 suetudinem
518 1723 752 1806 praelerendam
781 1741 852 1788 esse
875 1742 912 1787 eo
942 1725 1103 1806 probatur,
1127 1725 1211 1806 quod
1234 1725 1266 1789 in
1288 1725 1357 1790 uita
1381 1724 1439 1790 Co-

287 1833 414 1898 lumbae
431 1831 547 1913 etipsa
565 1831 652 1894 tituli
673 1829 810 1914 singulis
825 1829 973 1911 capitulis
989 1831 1277 1912 superscribuntur.
1296 1832 1439 1905 Accedit,

289 1939 374 2022 quod
398 1938 500 2020 ipsius
525 1939 631 2001 textus
654 1937 752 2000 uerba
770 1955 1007 2019 nonnumquam
1032 1937 1071 2001 ad
1093 1937 1226 2003 titulum
1249 1938 1438 2016 referuntur,

288 2046 380 2111 uelut
406 2067 437 2128 p.
467 2046 543 2122 243,
569 2045 619 2110 19.
645 2044 720 2124 272,
746 2046 775 2111 7.
801 2046 876 2122 273,
901 2046 931 2108 3.
959 2045 995 2108 14
1020 2045 1166 2109 omnibus
1195 2046 1330 2128 denique
1354 2046 1439 2111 codi-

289 2153 390 2231 cibus,
416 2149 512 2216 etiam
535 2150 656 2232 primae
680 2153 711 2214 et
735 2150 890 2214 secundae
915 2151 1033 2233 stirpis,
1059 2153 1199 2235 uestigia
1217 2156 1350 2230 exstant,
1370 2153 1438 2236 qui·

288 2258 347 2322 bus
372 2257 533 2340 probatur,
558 2257 653 2321 etiam
678 2257 709 2320 in
733 2257 846 2321 horum
872 2257 1041 2340 archetypo
1065 2259 1180 2322 titulos
1199 2259 1334 2343 singulis
1354 2261 1436 2342 capi-

286 2364 374 2428 tibus
398 2363 546 2446 primitus
570 2363 670 2427 luisse
694 2362 862 2445 praelixos;
887 2383 960 2427 nam
984 2363 1056 2428 inde
1074 2384 1093 2428 a
1110 2364 1132 2429 l.
1152 2365 1167 2428 I
1187 2365 1260 2430 cX
1283 2365 1436 2448 reliquiae

286 2469 441 2554 quaedam
460 2468 628 2533 titulorum
648 2473 826 2535 occurrunt.
852 2469 956 2534 Verba
973 2489 1076 2552 porro,
1096 2472 1213 2552 quibus
1231 2475 1336 2536 totum
1356 2491 1436 2555 opus

287 2576 447 2640 clauditur
478 2597 507 2658 p.
537 2575 612 2649 296,
644 2577 684 2639 15
714 2593 773 2639 ss:
811 2575 941 2640 Obsecro
967 2577 1072 2660 itaque
1099 2597 1149 2641 eos
1177 2582 1237 2643 etc.
1265 2579 1297 2642 in
1327 2579 1370 2642 Br
1399 2585 1437 2646 ut

287 2683 367 2747 alter
390 2682 541 2766 prologus
565 2684 640 2763 post
662 2681 904 2764 capitulationes
928 2684 1035 2764 posita
1052 2687 1136 2761 sunt,
1157 2683 1268 2765 quain
1287 2703 1320 2748 re
1339 2684 1436 2750 huius

286 2789 478 2854 recensionis
503 2793 614 2853 auctor
634 2789 811 2853 Adamnani
835 2792 956 2853 textum
979 2790 1018 2854 ad
1043 2789 1178 2872 Sulpicii
1202 2791 1311 2856 Seueri
1333 2811 1436 2856 orem·
1554 2850 1555 2853 ,

285 2897 375 2978 plum
399 2895 612 2960 conformasse
634 2896 772 2972 uidetur,
798 2895 852 2977 qui
875 2896 1034 2960 similibus
1057 2897 1165 2961 uerbis
1188 2897 1219 2961 in
1242 2898 1437 2979 praefatione

286 3001 373 3065 uitae
406 3001 533 3066 Martini
561 3002 664 3066 utitur
699 3006 727 3079 1,
761 3003 792 3066 9.
830 3002 901 3066 Alia
938 3003 1080 3084 exempla
1113 3004 1370 3085 transpositionis
1403 3004 1435 3068 in

286 3107 394 3173 codice
422 3108 465 3172 Br
494 3109 625 3190 eiusque
654 3108 802 3173 affinibus
832 3108 926 3173 obuia
953 3113 1123 3173 occurrunt
1149 3130 1179 3193 p.
1205 3111 1280 3187 245,
1305 3113 1333 3175 8,
1358 3113 1436 3183 264,
1553 3094 1554 3105 ’

285 3215 338 3279 23.
362 3216 438 3296 265,
463 3216 493 3278 4.
526 3213 668 3296 Denique
692 3233 765 3278 cum
794 3233 824 3296 p.
849 3216 924 3290 282,
952 3216 1115 3292 18-233,
1140 3216 1159 3277 5
1185 3217 1311 3281 oninino
1341 3217 1435 3296 desit,

287 3339 400 3385 uersus
428 3321 504 3394 283,
529 3322 649 3392 6-11,
674 3320 791 3401 quibus
820 3321 857 3385 de
886 3321 1054 3386 crocodilis
1082 3323 1198 3405 agitur,
1222 3323 1253 3386 in
1278 3322 1338 3386 fine
1361 3324 1437 3387 libri

284 3427 333 3491 Ill
357 3426 455 3491 additi
480 3431 564 3492 sunt.
588 3427 821 3491 Additamentis
845 3428 962 3510 spuriis
981 3432 1095 3493 auctus
1115 3433 1166 3492 est
1182 3432 1288 3493 textus
1306 3450 1336 3512 p.
1357 3431 1435 3507 246,

290 3536 329 3596 14
362 3531 449 3620 (uide
483 3533 553 3598 adn.
588 3533 682 3615 crit).
715 3533 810 3597 Initio
838 3533 911 3598 libri
940 3534 1071 3597 secundi
1099 3554 1135 3599 ex
1162 3535 1296 3617 Sulpicii
1324 3536 1437 3600 Seueri
1551 3616 1552 3619 Ἴ

287 3639 367 3703 Dial.
384 3641 399 3704 I
414 3659 440 3704 c.
457 3642 476 3703 8
494 3641 541 3723 §2
558 3639 655 3704 uerba
669 3640 794 3704 uncinis
809 3640 934 3705 inclusa
948 3640 1054 3706 addita
1068 3646 1157 3706 sunt:
1172 3641 1214 3705 Ic
1226 3641 1321 3706 laccius
1333 3643 1438 3706 noslri

286 3745 413 3810 secundi
439 3745 532 3810 libelli
559 3745 684 3810 exordio
711 3746 748 3809 clc
770 3746 836 3810 situ
862 3745 1082 3831 [Hierusalem
1102 3747 1292 3828 parrochiae
1312 3749 1349 3811 iel
1371 3751 1435 3834 est]
1551 3744 1552 3757 ¹

285 3851 424 3916 Bethlem
439 3853 586 3918 ciuitatis.
601 3853 705 3918 Etiam
721 3851 781 3918 alio
797 3854 867 3918 loco
883 3854 978 3918 buius
992 3855 1183 3921 recensionis
1201 3859 1313 3921 auctor
1327 3857 1435 3940 ipsius

287 3958 420 4042 Sulpicii
442 3960 558 4024 librum
583 3960 783 4024 consuluisse
809 3960 949 4035 uidetur;
973 3981 1004 4042 p.
1025 3963 1100 4037 247,
1122 3963 1139 4025 7
1164 3963 1252 4027 solus
1270 3964 1314 4028 Br
1332 3967 1365 4028 et
1383 3983 1434 4028 co·

286 4066 374 4149 gnati
393 4065 516 4130 codices
533 4084 606 4130 cum
622 4065 764 4149 Sulpicio
780 4066 897 4131 Seuero
914 4067 1026 4131 Chron.
1044 4068 1075 4130 ll
1093 4069 1147 4145 33,
1164 4072 1183 4132 5
1202 4073 1286 4133 recte
1304 4069 1436 4133 tradunt

284 4171 413 4249 bareca,
434 4173 529 4236 ceteri
553 4172 702 4236 mendose
726 4193 812 4236 area.
837 4173 906 4238 Uno
929 4175 1090 4255 praeterea
1112 4177 1181 4239 loco
1201 4176 1290 4241 solus
1308 4176 1353 4240 Br
1370 4178 1435 4240 sin-

285 4296 389 4342 ceram
408 4278 578 4344 lectionem
599 4279 741 4343 seruauit
759 4297 790 4360 p.
811 4281 887 4357 293,
909 4281 949 4344 16
968 4281 1087 4360 opponis,
1108 4301 1143 4345 en
1163 4301 1225 4363 quo
1244 4283 1315 4347 loco
1336 4283 1434 4346 etiam

284 4385 362 4462 291,
394 4388 431 4448 15
466 4388 499 4450 et
530 4386 606 4464 293,
636 4387 655 4450 6
689 4385 791 4450 sanari
823 4405 919 4468 posse
952 4387 1076 4452 ostendi
1104 4387 1241 4451 Adomn.
1269 4388 1291 4450 Ι
1313 4411 1349 4470 p.
1380 4393 1432 4453 10.
