3125 4942
296 430 361 494 322
592 426 747 480 Itinera
774 426 1149 497 Hierosolymitana

294 620 381 700 tatis,
406 625 439 686 et
466 639 485 684 a
506 639 597 686 muro
622 620 763 687 ciuitatis
787 639 887 704 usque
911 620 950 685 ad
975 620 1056 686 ostia
1078 621 1217 687 Danubii
1241 620 1441 706 quadraginta

295 728 426 794 milibus
457 747 613 813 passuum
646 727 834 806 extenditur,
868 727 989 792 ambitu
1026 746 1188 792 murorum
1225 728 1313 793 iuxta
1351 729 1440 793 situm

294 835 390 899 maris
428 835 582 920 anguloso
616 835 678 900 XII
713 834 801 900 milia
837 853 990 916 passuum
1029 834 1311 917 circumplectitur.
1358 833 1440 900 Hanc

295 941 395 1024 primo
412 939 639 1008 Constantinus
657 941 689 1005 in
705 939 817 1005 Cilicia
834 939 923 1004 iuxta
935 955 1036 1016 mare,
1052 938 1136 1022 quod
1149 940 1259 1006 Asiam
1275 941 1441 1023 Europam·

295 1066 356 1130 que
381 1046 591 1125 disterminat,
615 1045 778 1112 aedificare
803 1044 972 1128 disposuit,
999 1045 1055 1110 sed
1079 1046 1215 1128 quadam
1238 1050 1331 1112 nocte
1355 1048 1442 1112 ferra·
1468 1063 1479 1102 ⁵

295 1156 403 1218 menta
426 1153 532 1220 omnia
556 1153 661 1218 ablata
683 1149 804 1228 missis,
825 1151 880 1234 qui
903 1150 1106 1233 requirerent,
1126 1149 1158 1216 in
1181 1154 1270 1234 parte
1294 1153 1440 1236 Europae.

296 1257 351 1324 ubi
392 1278 475 1323 nunc
513 1259 563 1323 est
598 1256 670 1340 ipsa
706 1256 832 1337 ciuitas,
871 1255 1001 1321 inuenta
1039 1260 1123 1324 sunt.
1174 1256 1223 1322 lbi
1261 1258 1345 1322 enim
1382 1257 1440 1322 fieri

295 1364 354 1430 Dei
376 1365 527 1430 uoluntas
550 1362 715 1428 intellecta
739 1365 799 1428 est.
836 1362 872 1427 In
895 1362 955 1427 hac
979 1362 1055 1428 urbe
1078 1361 1211 1428 basilica
1235 1364 1309 1428 miri
1333 1363 1438 1448 operis

295 1490 376 1553 quae
404 1473 513 1536 sancta
535 1469 654 1553 Sophia
682 1468 935 1554 cognominatur,
959 1467 1095 1534 rotundo
1120 1473 1259 1534 scemate
1282 1473 1316 1534 et
1338 1489 1357 1534 a
1379 1469 1439 1534 lun-

294 1576 452 1642 damentis
480 1577 663 1642 constructa
691 1578 724 1640 et
751 1577 979 1653 concamerata,
1009 1574 1110 1640 tribus
1139 1575 1243 1640 cincta
1270 1575 1436 1660 parietibus
1453 1597 1472 1634 a

294 1686 327 1748 et
340 1682 465 1768 magnis
481 1685 660 1748 sustentata
674 1681 832 1748 columnis
851 1681 1052 1764 arcubusque
1072 1681 1245 1748 sublimata
1264 1685 1323 1748 est.
1349 1681 1437 1748 Cuius

270 1791 424 1856 -interior
452 1789 566 1854 domus
593 1789 626 1854 in
655 1789 828 1872 aquilonali
856 1788 906 1853 sui
935 1790 1024 1870 parte
1055 1788 1171 1873 grande
1200 1791 1233 1853 et
1260 1789 1355 1854 ualde
1377 1790 1437 1872 pul-
1545 1851 1546 1858 ,

294 1897 405 1962 chrum
432 1897 602 1961 armarium
629 1896 735 1970 habet,
763 1895 794 1959 in
824 1914 886 1978 quo
915 1913 1012 1979 capsa
1041 1893 1147 1980 lignea
1178 1894 1286 1979 ligneo
1321 1914 1437 1979 quoque

293 2005 480 2086 cooperculo
516 2006 602 2068 tecta
635 2001 738 2068 crucis
771 2001 948 2066 dominicae
981 2003 1045 2066 tres
1082 2001 1254 2084 particulas
1295 2003 1436 2078 continet,

292 2109 424 2195 longum
439 2109 591 2174 uidelicet
603 2107 727 2192 lignum
746 2108 778 2172 iu
798 2107 877 2173 duas
896 2111 1002 2192 partes
1022 2107 1159 2174 incisum
1178 2111 1210 2172 et
1229 2111 1436 2174 transuersum
1453 2127 1471 2168 u

294 2215 436 2282 eiusdem
456 2219 584 2282 sanotae
603 2213 707 2280 crucis
725 2213 860 2298 lignum.
885 2214 972 2279 Haeo
990 2213 1093 2279 tribus
1113 2217 1237 2279 tantum
1256 2234 1437 2299 perannum

293 2322 416 2399 diebus,
440 2323 501 2387 hoc
529 2326 580 2388 est
605 2321 638 2385 in
668 2340 745 2386 cena
766 2320 906 2398 Domini,
931 2321 962 2385 in
991 2339 1162 2403 parasceue
1193 2323 1225 2386 et
1251 2321 1283 2385 in
1314 2320 1437 2386 sabbato

293 2431 401 2495 sancto
430 2428 558 2513 populis
586 2425 744 2492 adorando
771 2428 939 2510 profertur.
979 2425 1119 2506 Quamm
1147 2427 1250 2511 prima
1273 2445 1368 2511 capsa
1388 2425 1437 2489 illa

294 2554 389 2618 super
417 2537 515 2600 altare
543 2553 675 2599 aureum
704 2534 784 2599 duos
814 2533 940 2598 cubitos
968 2532 1146 2599 altitudinis
1180 2536 1211 2598 et
1244 2552 1343 2598 unum
1373 2532 1436 2596 lati-

292 2641 413 2708 tudinis
426 2642 545 2706 habens
562 2659 635 2705 cum
649 2658 741 2705 cruce
756 2641 866 2706 sancta
880 2639 1039 2724 patefacta
1053 2639 1248 2723 conponitur.
1268 2639 1437 2705 Accedens·
1452 2663 1472 2700 a

294 2767 355 2832 que
381 2747 503 2831 primus
532 2747 713 2831 imperator,
738 2745 850 2811 deinde
879 2749 1011 2811 cunctus
1038 2766 1095 2829 per
1122 2744 1263 2810 ordinem
1290 2746 1435 2811 laicorum

293 2854 422 2940 gradm,
456 2855 597 2920 sanctam
630 2872 756 2918 crucem
787 2852 896 2921 adorat
928 2855 961 2916 et
992 2853 1163 2920 osculatur.
1211 2851 1361 2936 Sequenti
1390 2849 1436 2914 die

294 2959 476 3044 imperatrix
499 2962 532 3025 et
555 2977 664 3024 omnes
688 2962 849 3023 matronae
867 2959 921 3023 uel
939 2959 1079 3044 uirgines
1097 2958 1182 3024 idem
1200 2959 1332 3037 faciunt,
1350 2957 1436 3023 tertie

294 3067 500 3132 nihilominus
530 3065 580 3130 die
612 3065 754 3148 episcopi
787 3068 819 3129 et
851 3065 958 3129 cuncti
991 3065 1177 3131 clericorum
1210 3065 1328 3151 gradus
1358 3064 1434 3128 idem
1544 3131 1545 3140 ,

292 3172 424 3251 faciunt,
444 3174 476 3236 et
499 3170 545 3236 sio
570 3189 665 3254 capsa
688 3170 812 3235 reclusa
836 3169 875 3234 ad
900 3189 995 3253 supra
1013 3169 1132 3236 dictum
1153 3171 1322 3236 armarium
1340 3187 1437 3254 repor-
1452 3183 1474 3223 o

382 3439 398 3494 3
417 3438 532 3493 Adamn.
550 3456 577 3508 p.
597 3439 658 3505 284,
679 3439 712 3493 16
731 3455 766 3492 ss.
822 3437 838 3492 8
858 3436 971 3492 Adanrn.
992 3456 1017 3510 p.
1038 3439 1098 3500 286,
1118 3439 1134 3492 9
1154 3455 1188 3492 ss.

330 3581 344 3633 1
374 3582 403 3633 et
421 3595 438 3632 a
455 3595 532 3632 muro
553 3578 674 3633 ciuitatis
693 3595 744 3633 om.
763 3579 799 3632 M
888 3563 979 3640 ljostia
997 3578 1033 3632 M
1120 3578 1233 3633 danuuii
1251 3579 1280 3632 A
1298 3576 1394 3632 danubi
1412 3573 1438 3627 P

293 3667 396 3721 3mari
415 3668 442 3721 A
504 3667 642 3736 Aprirnus
660 3667 687 3720 A
760 3666 848 3721 cilitia
866 3668 893 3720 A
957 3665 1134 3720 Suoluntate
1154 3667 1182 3720 A
1245 3667 1436 3721 duominatur.

291 3754 341 3810 aed
363 3759 387 3810 1.
409 3771 444 3810 m.
472 3769 541 3809 corr.
571 3755 597 3808 V
703 3755 737 3810 10
765 3757 934 3810 cacamerata
956 3754 993 3809 Μ
1051 3826 1063 3859 d
1100 3756 1132 3858 12
1160 3754 1263 3824 grande
1292 3753 1369 3809 ualde
1390 3743 1437 3804 sed

293 3870 435 3942 pulchrum
457 3871 520 3934 PV,
543 3887 613 3925 corr.
636 3877 659 3924 1.
682 3887 719 3925 m.
742 3887 776 3925 cx
799 3871 949 3940 sepulcrum
973 3869 999 3924 V
1019 3869 1193 3940 (sepulcrum)
1297 3870 1436 3937 langueo

293 3959 413 4029 quoque]
427 3975 493 4013 auro
512 3975 573 4013 cum
586 3960 613 4011 A
660 3959 883 4029 ldpoatlignum
900 3959 965 4013 cdd.
981 3975 1063 4012 uuum
1078 3958 1188 4012 uidetur
1202 3959 1229 4012 A
1278 3958 1371 4014 lihoc
1383 3953 1434 4020 est]

291 4047 321 4102 id
334 4047 417 4101 estA
464 4048 497 4101 18
515 4047 616 4117 populo
635 4046 694 4101 PV
744 4047 911 4102 adorandum
930 4049 957 4102 A
1002 4048 1034 4102 19
1054 4047 1174 4117 aureum]
1196 4064 1288 4102 aurum
1306 4047 1342 4102 M
1389 4058 1434 4096 cu-

291 4127 365 4216 bitds
382 4163 420 4216 M
459 4164 495 4217 22
514 4166 543 4217 et
561 4163 699 4218 osculatur
717 4180 769 4218 om.
791 4168 813 4218 A
859 4165 893 4218 23
912 4163 1097 4234 imperatrissa
1116 4161 1173 4216 PV
1232 4163 1261 4218 id
1279 4165 1305 4218 A
1354 4156 1432 4212 tertia
1543 4183 1544 4196 κ

291 4251 467 4306 nihilomiuus
487 4251 641 4306 die—idem
658 4251 764 4306 faciunt
783 4268 833 4308 om.
853 4251 910 4304 PV
988 4253 1023 4306 24
1042 4251 1148 4320 gredau
1166 4251 1211 4308 ide
1229 4253 1256 4306 A
1332 4251 1362 4304 25
1379 4243 1429 4298 sic·

291 4355 359 4408 apsa
376 4341 413 4392 M
483 4339 584 4394 dietam
602 4341 630 4392 A
