3125 4942
542 441 544 448 ’
606 443 831 498 Antoninus
1230 447 1295 510 213

144 643 263 706 heremi
291 641 554 723 adducebantque
582 645 670 705 utres
698 659 770 704 cum
800 657 884 722 aqua
905 639 1021 723 frigida
1044 643 1077 704 et
1100 640 1296 722 accipiebant

145 748 205 814 sibi
234 767 342 831 panes.
379 749 422 814 Et
448 747 648 812 adducebant
674 749 775 811 restes
804 765 878 810 curn
905 747 1039 824 radices,
1062 767 1195 830 quarum
1219 747 1296 813 odor

144 855 358 920 suauissimus
390 873 487 936 snper
518 857 659 918 aromata
691 856 723 917 et
755 852 823 916 dies
851 871 928 918 snos
955 853 1055 918 lestos
1083 852 1293 918 celebrabant.

93 969 96 975 “
144 963 286 1046 Populus
302 964 419 1040 autem,
435 962 490 1044 qui
504 979 560 1043 per
572 961 680 1042 ipsum
695 960 848 1024 maiorem
866 960 1030 1024 heremum
1047 959 1293 1046 ingrediebatur,

115 1069 183 1132 aad
208 1067 431 1150 explorandum
457 1085 587 1133 numero
611 1067 673 1132 ΧΠ
696 1067 787 1132 milia
809 1067 959 1135 sexcenti.

187 1174 250 1256 Qui
268 1173 524 1256 perambulantes
543 1175 707 1240 heremum
727 1177 842 1240 octaua
860 1174 911 1239 die
930 1175 1076 1239 uenimus
1096 1173 1135 1238 ad
1153 1178 1294 1239 montem
1305 1172 1346 1255 3?

144 1280 194 1346 dei
219 1280 351 1346 Choreb.
380 1281 421 1346 ur
442 1280 515 1346 inde
538 1285 716 1359 mouentes,
741 1284 777 1346 ut
801 1280 1044 1346 ascenderemus
1068 1285 1176 1346 monte
1200 1280 1293 1365 Syna,

144 1407 216 1452 ecee
239 1388 414 1454 multitudo
438 1388 665 1454 monachorum
688 1388 915 1453 heremitarum
939 1407 1012 1454 enm
1031 1407 1141 1454 cruces
1159 1388 1294 1471 psallen-

142 1499 191 1559 tes
220 1493 433 1560 obuiauerunt
458 1495 561 1574 nobis,
591 1495 742 1577 prostrati
770 1495 803 1560 in
835 1499 951 1560 terram
984 1494 1196 1560 adorauerunt
1227 1513 1293 1560 nos.

102 1627 126 1664 ro
144 1601 247 1666 Simili
261 1601 355 1667 modo
375 1603 407 1667 et
425 1621 483 1667 nos
502 1603 654 1668 iacientes
674 1602 923 1667 lacrimauimns.
948 1603 1036 1667 'lune
1054 1601 1295 1667 introduxerant

143 1726 199 1772 nos
227 1708 260 1772 in
289 1708 406 1773 uallem
434 1709 517 1774 inter
541 1709 662 1776 Choreb
692 1713 724 1775 et
748 1709 841 1794 Syna.
879 1709 930 1774 Ad
958 1709 1051 1774 cuins
1073 1709 1154 1792 pede
1176 1709 1293 1774 montis

143 1817 191 1879 est
213 1814 285 1880 fens
309 1815 375 1893 ille,
395 1816 450 1880 ubi
469 1817 599 1900 Moyses
623 1817 802 1900 adaquabat
825 1815 1058 1899 coaequando
1080 1815 1164 1880 uidit
1186 1814 1292 1880 arden·

141 1925 205 1985 tem
229 1921 357 1986 rubum.
386 1922 449 2003 Qui
472 1923 541 1988 sons
564 1924 709 1988 inclusus
733 1926 783 1989 est
805 1924 886 1988 inira
909 1924 1146 1988 monasterinm.
1169 1923 1206 1987 In
1231 1940 1292 2003 quo

140 2028 333 2093 monasterio
354 2032 429 2093 suot
450 2033 515 2095 tres
541 2029 671 2095 abbates
691 2029 829 2095 seientes
847 2031 984 2114 linguas,
1003 2030 1064 2093 hoc
1083 2033 1133 2092 est
1150 2027 1291 2103 latinam,

99 2169 123 2206 a
141 2153 280 2218 grecam,
310 2153 413 2218 symm
443 2139 475 2200 et
502 2136 781 2220 aegyptiacam-et
808 2137 945 2202 bessam.
983 2135 1059 2201 Inde
1082 2135 1229 2200 uenimus
1254 2135 1294 2199 ad

141 2241 339 2322 speluncam,
358 2243 415 2307 ubi
438 2241 645 2309 absconditus
668 2243 732 2308 fuit
749 2243 861 2308 Helias
882 2243 1047 2326 propheta,
1067 2241 1189 2323 quando
1210 2242 1294 2326 legit

140 2347 266 2412 lezabel
297 2349 462 2414 mulierem
495 2349 660 2432 perfidam
693 2353 766 2416 ante
797 2352 868 2434 ipsa
900 2351 1052 2433 spelunca
1078 2348 1184 2433 surgit
1209 2349 1291 2424 lons,

140 2457 195 2539 qui
218 2457 331 2540 irrigat
352 2457 458 2541 ipsum
482 2459 633 2524 montem.
670 2456 747 2522 Inde
771 2457 972 2523 ascendimus
994 2458 1027 2521 iu
1052 2475 1177 2520 summo
1201 2473 1291 2520 eacu-

139 2564 226 2628 mina
249 2564 429 2642 mantiam
454 2583 517 2646 quo
542 2566 591 2629 est
615 2565 787 2630 oratorium
810 2564 972 2631 modicum
993 2563 1115 2628 babens
1137 2564 1170 2627 in
1188 2562 1292 2647 longi·

97 2693 123 2734 aa
140 2671 252 2736 tudine
268 2670 365 2754 pedes
380 2690 443 2746 sex,
463 2670 611 2735 similiter
622 2674 655 2736 et
667 2671 697 2735 in
712 2671 893 2749 latitudine,
906 2671 939 2735 in
959 2689 1020 2752 quo
1039 2671 1147 2735 nullus
1166 2689 1292 2736 manere

137 2778 326 2860 praesumit.
350 2776 414 2842 Sed
432 2781 501 2843 orto
520 2776 583 2841 iam
606 2777 656 2842 die
676 2777 852 2842 ascendunt
868 2776 1015 2842 monachi
1034 2777 1073 2841 de
1093 2777 1292 2860 supradicto

139 2885 333 2950 monasterio
362 2887 393 2948 et
417 2883 577 2948 celebrant
599 2885 662 2966 ipsi
687 2883 838 2950 odicium.
875 2885 912 2949 In
937 2903 999 2966 quo
1021 2884 1093 2950 loco
1116 2885 1213 2950 multi
1233 2904 1291 2967 pro

138 2989 311 3056 deuotione
338 2989 472 3057 tondent
499 2989 632 3073 capillos
660 3009 736 3055 suos
765 2993 799 3056 et
825 2992 947 3058 barbas.
988 2989 1071 3055 Nam
1099 2995 1131 3055 et
1158 3011 1217 3076 ego
1244 2991 1291 3056 ibi

136 3095 234 3180 tetigi
257 3097 387 3162 barbam
409 3115 523 3162 meam.

94 3233 120 3274 aa
177 3205 279 3269 Mons
312 3221 387 3268 uero
422 3203 506 3286 Syna
536 3207 684 3287 petrosus
717 3207 776 3282 est,
809 3224 878 3270 raro
909 3202 1006 3271 habet
1035 3208 1163 3282 terram,
1195 3207 1228 3270 et
1258 3205 1343 3274 {1138

138 3311 278 3378 circuitu
306 3311 377 3376 eius
410 3311 543 3376 cellulae
575 3312 694 3376 multae
728 3330 893 3377 seruorum
926 3313 986 3387 dei,
1016 3312 1165 3378 similiter
1195 3315 1228 3377 et
1258 3312 1291 3376 in

137 3417 275 3484 Choreb.
317 3418 359 3483 Et
385 3417 417 3482 in
444 3421 534 3500 parte
560 3418 663 3502 ipsius
691 3420 809 3485 montis
836 3421 953 3484 habent
981 3420 1142 3486 sarraceni
1168 3421 1290 3486 idolum

172 3648 190 3700 2
212 3645 317 3700 radices
336 3645 379 3699 Br
396 3643 533 3698 radicibus
551 3645 578 3698 Β
642 3645 658 3700 3
679 3645 763 3700 laetos
781 3663 845 3701 suos
863 3646 891 3700 Β
953 3649 1116 3702 lmsiorem
1135 3648 1290 3703 haeremum

136 3737 181 3789 Br
199 3734 341 3788 heremum
359 3733 487 3786 maiorem
502 3734 529 3786 Β
584 3733 810 3802 5erplorandanr
825 3736 854 3788 B
924 3735 978 3790 x11
991 3737 1152 3790 sexcentiB
1205 3737 1288 3810 dhe-

134 3839 241 3878 remam
256 3821 300 3876 Br
371 3821 508 3876 octabaB
562 3823 661 3878 'loreb
675 3823 704 3877 B
774 3828 894 3880 montera
909 3826 1013 3895 synaB
1066 3826 1289 3898 liberemitarum

134 3913 179 3968 Br
198 3917 229 3967 et
248 3912 442 3966 heremitarum
461 3911 489 3966 B
597 3914 738 3967 uenientes
756 3929 817 3968 cum
836 3917 959 3970 crucibus
977 3917 1005 3968 Β
1086 3916 1117 3970 11
1146 3916 1243 3987 pedem
1262 3918 1290 3970 B

136 4004 170 4058 13
199 4001 274 4056 inira
297 4001 384 4070 ipsum
404 4001 430 4054 Β
531 4001 564 4056 14
590 4001 678 4056 latirm
701 4019 782 4072 greca
805 4021 867 4073 syra
885 4009 914 4058 et
931 4006 1092 4075 aegyptiaca
1110 4009 1139 4059 et
1156 4005 1236 4060 bessa
1254 4007 1291 4060 Μ

136 4093 169 4146 15
189 4105 300 4160 persam
316 4089 343 4141 Β
390 4091 422 4144 16
441 4089 534 4159 helyas
548 4089 613 4144 ΒΜ
665 4090 738 4160 legit
756 4095 820 4146 ante
833 4091 899 4146 ΒΜ
943 4094 975 4147 17
995 4093 1147 4162 gezabelB
1200 4094 1287 4164 ipsam

133 4179 296 4250 speluncam
315 4177 343 4231 Β
434 4179 467 4232 18
492 4178 593 4248 inrigat
611 4178 640 4230 B
746 4197 880 4235 summurn
899 4197 1026 4235 cacumen
1045 4181 1072 4235 Β
1161 4184 1196 4236 22
1223 4183 1287 4252 ipsi]

134 4269 173 4323 ibi
192 4267 259 4322 ΜΒ
350 4267 384 4322 28
406 4283 468 4321 nam
486 4284 538 4322 om.
557 4269 584 4320 Β
674 4271 708 4322 24
732 4270 813 4339 tetigi
832 4271 876 4324 uel
895 4270 1003 4324 totondi
1022 4271 1050 4323 Β
1129 4272 1164 4325 25
1182 4272 1243 4325 sina
1260 4273 1288 4325 Β

133 4359 168 4412 27
188 4355 305 4411 orebB
376 4355 529 4411 EhemB
