3125 4942
629 501 874 556 Adamnanrrs
1263 509 1329 574 279

176 695 308 760 nauium
343 695 488 777 suscipit,
523 695 639 778 quibus
672 696 826 778 quaedam
864 695 1004 778 spirandi
1042 697 1185 762 subsidia
1222 699 1329 779 portui

175 801 467 867 subministrantur.
492 801 555 868 Ubi
579 802 650 884 quis
675 805 840 886 angustias
860 811 955 885 atque
975 823 1029 868 ora
1047 808 1158 887 portus
1178 805 1328 882 suaserit,

175 912 339 990 tamquam
363 909 485 990 reliqua
508 908 649 992 corporis
673 909 774 974 forma
796 909 844 973 ita
866 909 994 974 diffusio
1018 911 1113 974 maris
1137 910 1233 994 longa
1251 912 1328 976 late·

175 1033 238 1095 qne
255 1013 442 1080 extenditur.
465 1015 501 1079 In
517 1014 658 1080 eiusdem
675 1015 804 1080 dextera
817 1021 927 1098 portus
943 1035 1041 1098 parua
1058 1017 1164 1082 insula
1181 1017 1327 1093 habetur,

139 1143 154 1180 s
174 1119 205 1184 in
231 1139 294 1202 qua
317 1121 452 1184 maxima
474 1120 571 1184 turris
596 1126 655 1202 est,
675 1139 769 1204 quarn
793 1121 824 1185 in
846 1139 1014 1186 commune
1035 1122 1148 1188 Graeci
1166 1141 1203 1187 ac
1222 1123 1327 1187 Latini

174 1245 211 1290 ex
248 1226 351 1309 ipsius
388 1227 433 1292 rei
471 1245 532 1292 usu
564 1226 680 1292 Forum
717 1227 950 1305 uocitanerunt
983 1247 1020 1294 eo
1058 1229 1141 1310 quod
1176 1229 1271 1314 longe
1309 1249 1326 1292 a

173 1333 401 1416 nauigantibus
437 1333 593 1409 uideatur,
626 1336 674 1410 ut,
706 1333 892 1416 priusquam
930 1334 962 1398 in
998 1339 1127 1418 portum
1159 1335 1326 1419 adpropin-

174 1445 283 1520 quent.
325 1445 477 1505 nocturno
524 1440 658 1504 maxime
699 1443 843 1522 ternpore
889 1443 1003 1506 terram
1049 1442 1216 1507 finitimam
1263 1442 1325 1506 sibi

174 1567 245 1613 esse
274 1547 472 1612 flammarum
499 1547 643 1612 incendio
672 1551 876 1632 cognoscant,
905 1568 943 1613 ne
971 1549 1109 1614 tenebris
1137 1549 1261 1631 decepti
1292 1549 1325 1614 in

122 1675 149 1714 ιο
173 1654 325 1736 scopulos
353 1653 495 1718 incidant
522 1657 579 1718 aut
605 1673 643 1718 ne
671 1653 827 1718 uestibuli
854 1654 991 1719 limitem
1019 1674 1080 1720 non
1109 1659 1227 1738 queant
1253 1674 1325 1721 con-

172 1760 377 1842 prehendere.
402 1760 484 1825 Sunt
506 1761 614 1844 itaque
637 1760 705 1824 illic
729 1760 972 1836 ministratores,
990 1781 1046 1844 per
1069 1781 1149 1844 quos
1169 1761 1323 1828 subiectis

171 1867 298 1933 facibus
314 1867 490 1949 ceterisque
504 1867 664 1951 lignorum
684 1868 827 1932 struibus
846 1868 991 1933 adoletur
1007 1869 1094 1952 ignis
1113 1869 1205 1951 quasi
1223 1873 1324 1934 terrae

172 1974 379 2056 praenuntius
409 1977 441 2040 et
469 1974 560 2040 index
582 1974 776 2058 portensium
803 1975 955 2048 lancium,
979 1975 1199 2040 demonstrans
1222 1976 1325 2060 ingre-

172 2081 280 2145 diendi
313 2081 487 2165 angustias,
520 2081 675 2146 undarum
709 2081 798 2146 sinus
831 2086 865 2146 et
894 2081 1049 2146 uestibuli
1081 2082 1251 2157 anfractus,
1284 2103 1323 2148 ne

118 2210 148 2250 rs
171 2188 278 2252 tennis
307 2189 413 2252 carina
440 2188 652 2270 praestringat
680 2191 789 2253 cautes
813 2192 846 2253 et
867 2189 899 2252 in
922 2188 993 2272 ipso
1016 2189 1162 2273 ingressu
1185 2189 1323 2255 offendat

169 2295 255 2359 inter
291 2297 418 2376 opertos
454 2293 606 2359 fluctibus
644 2295 804 2376 scopulos.
850 2295 962 2376 ltaque
999 2293 1155 2358 directum
1192 2314 1322 2360 cursum

168 2400 334 2483 paulisper
364 2400 483 2466 inflecti
516 2405 651 2484 oportet,
680 2419 718 2466 ne
747 2400 851 2465 caecis
877 2401 973 2466 inlisa
1000 2401 1083 2465 saris
1109 2400 1152 2464 ibi
1180 2401 1322 2468 incurrat

169 2507 264 2574 nauis
286 2507 474 2590 periculum,
497 2508 573 2580 <ubi
598 2511 743 2590 speratur
766 2507 919 2592 effugium
942 2507 1189 2591 periculorum).
1213 2510 1321 2592 Angu-

208 2733 220 2786 1
246 2733 355 2786 oauinm
373 2733 402 2788 P
472 2735 489 2787 2
512 2733 734 2788 subministratur
751 2735 795 2788 Br
883 2734 959 2798 hora,
976 2735 1026 2788 aed
1043 2751 1126 2788 erasa
1145 2735 1239 2789 littero
1255 2736 1275 2790 h
1293 2735 1321 2789 Z

166 2853 265 2918 portus
284 2865 330 2902 ora
349 2851 482 2904 enasserit
499 2849 542 2904 Br
630 2849 646 2904 3
667 2849 765 2904 dilucio
785 2851 829 2904 Br
847 2807 946 2904 diducto
965 2851 992 2905 Z
1081 2852 1099 2904 4
1120 2853 1216 2920 portus
1233 2867 1318 2921 paruo

165 2952 221 2990 om.
242 2937 269 2990 P
337 2939 454 2992 tturris
473 2943 515 2992 est
535 2955 614 3008 qnam
633 2955 684 2992 om.
703 2938 732 2991 P
811 2941 854 2991 est
872 2940 954 2992 turris
972 2939 1016 2992 Br
1093 2940 1123 2992 in
1142 2950 1173 2993 co
1192 2956 1272 2994 mone
1291 2941 1319 2993 P

166 3055 186 3106 6
206 3070 236 3106 ex
254 3053 341 3122 ipsius
359 3019 436 3118 lelund
456 3069 524 3108 corr.
540 3057 566 3107 2.
582 3071 616 3108 m.
631 3053 674 3106 Br
745 3053 901 3108 uocitatunt
919 3055 987 3108 YBr
1056 3056 1071 3109 7
1091 3057 1122 3108 nt
1135 3055 1210 3125 priua
1224 3071 1276 3110 om.
1291 3057 1318 3110 P

165 3141 425 3196 81naximeom.P
495 3143 639 3197 finitimam
658 3147 756 3197 terram
771 3144 798 3197 Z
851 3143 1053 3197 9flanrmarum
1068 3144 1162 3199 oor.P
1232 3160 1317 3213 agno·

164 3261 246 3312 scant
264 3258 292 3312 P
362 3259 388 3312 in
408 3275 459 3313 om.
477 3259 520 3312 Br
575 3260 608 3314 10
626 3257 755 3312 incedant
773 3225 959 3322 Princeosst
977 3259 1195 3313 corr.2.m.Br
1247 3260 1317 3316 Post

163 3347 297 3402 incedant
318 3363 421 3418 magno
443 3349 549 3402 lamina
572 3354 611 3403 eet
628 3350 660 3402 in
677 3349 705 3404 P
724 3349 911 3417 compluribus
932 3349 1011 3416 foliis
1034 3349 1168 3403 obadaaie.
1199 3348 1268 3402 Crem
1284 3351 1317 3403 ior

163 3442 288 3490 extrema
308 3438 417 3505 pagina
439 3439 528 3491 multo
548 3438 654 3506 liquore
675 3439 822 3507 superfuso
841 3439 894 3508 topi
910 3454 971 3492 non
987 3439 1046 3492 iam
1058 3444 1179 3506 possent,
1197 3439 1317 3493 mammo

161 3526 198 3578 in
220 3525 354 3593 inferiore
372 3531 462 3594 parte,
481 3528 621 3595 scripturo
644 3527 738 3582 multis
762 3527 830 3582 locis
847 3527 1003 3581 obamcriorc
1021 3533 1177 3581 atramento
1196 3533 1222 3581 et
1239 3543 1315 3582 crae·

160 3615 286 3669 eioritocc
305 3615 403 3670 litteris
421 3621 560 3670 renouata
578 3622 624 3681 cst,
643 3633 713 3685 qaae
732 3623 771 3670 eei
790 3633 886 3684 causa,
901 3633 950 3671 carr
967 3617 1108 3670 manullo
1126 3617 1212 3670 amba
1230 3617 1314 3670 inim·

161 3705 284 3760 cr'derr'nt
379 3705 565 3773 nequeantZ
661 3708 690 3760 11
718 3707 813 3774 ntique
836 3706 878 3759 Br
967 3705 1009 3758 illi
1032 3705 1111 3760 codd.
1135 3706 1193 3758 illic
1216 3703 1313 3774 Hegea.

163 3822 201 3874 12
228 3818 352 3884 saucibus
371 3835 439 3874 corr.
458 3825 486 3875 2.
505 3838 539 3874 m.
559 3819 602 3875 Ην
674 3787 800 3884 addictur
822 3837 890 3876 corr.
910 3825 933 3874 1.
951 3837 986 3874 m.
1005 3821 1048 3874 Br
1103 3821 1137 3874 13
1155 3821 1314 3890 pronuntiet

160 3907 244 3962 index
260 3908 284 3960 Z
302 3907 325 3977 do
345 3910 515 3979 pronuntina',
535 3909 582 3964 aed
601 3911 623 3964 dc
642 3915 807 3978 &punctum
825 3916 864 3964 est
878 3909 920 3964 nr
937 3911 1116 3980 praenuntius
1133 3911 1162 3964 Y
1178 3916 1204 3964 et
1215 3909 1312 3979 Hegea.

158 4025 332 4096 protensium
352 4025 450 4080 facium
469 4027 495 4081 Z
561 4027 594 4081 14
623 3993 754 4082 anfraftns
773 4042 844 4080 corr.
863 4025 959 4079 eaden
975 4043 1077 4079 monas
1094 4025 1120 4078 Z
1191 4026 1224 4080 15
1251 4042 1313 4096 per·

156 4114 302 4183 stringant
328 4114 357 4218 ξ’
380 4115 549 4184 perstringat
570 4115 595 4170 Z
619 4115 804 4186 praestringat
822 4115 865 4169 Ba·
887 4120 912 4168 ct
929 4113 1027 4182 Heca.
1152 4114 1180 4168 in
1199 4131 1251 4172 om.
1270 4115 1313 4168 ΒΓ

157 4229 304 4284 offendant
328 4230 389 4284 iter
408 4230 433 4284 Z
521 4230 553 4284 16
577 4235 685 4300 apertos
704 4231 729 4284 Z
836 4231 962 4300 scopulos
987 4245 1055 4286 corr.
1074 4246 1108 4284 ec
1126 4229 1251 4299 scopulos
1271 4229 1314 4283 Br

156 4322 194 4376 17
215 4323 343 4388 oporteat¹
360 4319 438 4374 codd.
458 4323 567 4388 oportet
584 4319 681 4390 Hegea.
755 4319 808 4372 sibi
833 4321 860 4372 Y
921 4319 954 4373 18
972 4319 1019 4372 ubi
1037 4323 1162 4388 speratur
1181 4317 1311 4388 effugium

153 4407 344 4480 periculorum
364 4406 516 4462 addictione
534 4407 631 4476 Hegea.
646 4425 676 4476 p.
696 4411 763 4474 266,
784 4410 824 4461 39
